%YAML 1.1
%TAG !u! tag:unity3d.com,2011:
--- !u!1 &532088585224505715
GameObject:
  m_ObjectHideFlags: 0
  m_CorrespondingSourceObject: {fileID: 0}
  m_PrefabInstance: {fileID: 0}
  m_PrefabAsset: {fileID: 0}
  serializedVersion: 6
  m_Component:
  - component: {fileID: 532088585224934739}
  - component: {fileID: 532088585225704819}
  - component: {fileID: 532088585226704819}
  - component: {fileID: 5424325386455330998}
  m_Layer: 0
  m_Name: WallBraizer (1)
  m_TagString: Environment
  m_Icon: {fileID: 0}
  m_NavMeshLayer: 1
  m_StaticEditorFlags: 25
  m_IsActive: 1
--- !u!4 &532088585224934739
Transform:
  m_ObjectHideFlags: 0
  m_CorrespondingSourceObject: {fileID: 0}
  m_PrefabInstance: {fileID: 0}
  m_PrefabAsset: {fileID: 0}
  m_GameObject: {fileID: 532088585224505715}
  m_LocalRotation: {x: -0, y: 0.5508655, z: -0, w: 0.8345941}
  m_LocalPosition: {x: 89.58449, y: -23.926636, z: -10.562637}
  m_LocalScale: {x: 1, y: 1, z: 1}
  m_Children:
  - {fileID: 633002139034610354}
  m_Father: {fileID: 0}
  m_RootOrder: 0
  m_LocalEulerAnglesHint: {x: 0, y: 66.853004, z: 0}
--- !u!33 &532088585225704819
MeshFilter:
  m_ObjectHideFlags: 0
  m_CorrespondingSourceObject: {fileID: 0}
  m_PrefabInstance: {fileID: 0}
  m_PrefabAsset: {fileID: 0}
  m_GameObject: {fileID: 532088585224505715}
  m_Mesh: {fileID: 4300002, guid: bbf809427fd52dc4e9f44389557da409, type: 3}
--- !u!23 &532088585226704819
MeshRenderer:
  m_ObjectHideFlags: 0
  m_CorrespondingSourceObject: {fileID: 0}
  m_PrefabInstance: {fileID: 0}
  m_PrefabAsset: {fileID: 0}
  m_GameObject: {fileID: 532088585224505715}
  m_Enabled: 1
  m_CastShadows: 1
  m_ReceiveShadows: 1
  m_DynamicOccludee: 1
  m_MotionVectors: 1
  m_LightProbeUsage: 1
  m_ReflectionProbeUsage: 1
  m_RenderingLayerMask: 1
  m_RendererPriority: 0
  m_Materials:
  - {fileID: 2100000, guid: 41febacb428e0454e9879393d414839e, type: 2}
  m_StaticBatchInfo:
    firstSubMesh: 0
    subMeshCount: 0
  m_StaticBatchRoot: {fileID: 0}
  m_ProbeAnchor: {fileID: 0}
  m_LightProbeVolumeOverride: {fileID: 0}
  m_ScaleInLightmap: 1
  m_PreserveUVs: 0
  m_IgnoreNormalsForChartDetection: 0
  m_ImportantGI: 0
  m_StitchLightmapSeams: 0
  m_SelectedEditorRenderState: 3
  m_MinimumChartSize: 4
  m_AutoUVMaxDistance: 0.5
  m_AutoUVMaxAngle: 89
  m_LightmapParameters: {fileID: 0}
  m_SortingLayerID: 0
  m_SortingLayer: 0
  m_SortingOrder: 0
--- !u!64 &5424325386455330998
MeshCollider:
  m_ObjectHideFlags: 0
  m_CorrespondingSourceObject: {fileID: 0}
  m_PrefabInstance: {fileID: 0}
  m_PrefabAsset: {fileID: 0}
  m_GameObject: {fileID: 532088585224505715}
  m_Material: {fileID: 0}
  m_IsTrigger: 0
  m_Enabled: 1
  serializedVersion: 3
  m_Convex: 0
  m_CookingOptions: 14
  m_Mesh: {fileID: 4300002, guid: bbf809427fd52dc4e9f44389557da409, type: 3}
--- !u!1001 &632428005279496626
PrefabInstance:
  m_ObjectHideFlags: 0
  serializedVersion: 2
  m_Modification:
    m_TransformParent: {fileID: 532088585224934739}
    m_Modifications:
    - target: {fileID: 1000010823978654, guid: 3228a22491941734bb83ad691d17fcb9, type: 3}
      propertyPath: m_Name
      value: FlamesParticleEffect (1)
      objectReference: {fileID: 0}
    - target: {fileID: 1000010823978654, guid: 3228a22491941734bb83ad691d17fcb9, type: 3}
      propertyPath: m_StaticEditorFlags
      value: 16
      objectReference: {fileID: 0}
    - target: {fileID: 4000010409153280, guid: 3228a22491941734bb83ad691d17fcb9, type: 3}
      propertyPath: m_LocalPosition.x
      value: 0.012627764
      objectReference: {fileID: 0}
    - target: {fileID: 4000010409153280, guid: 3228a22491941734bb83ad691d17fcb9, type: 3}
      propertyPath: m_LocalPosition.y
      value: 0.2939999
      objectReference: {fileID: 0}
    - target: {fileID: 4000010409153280, guid: 3228a22491941734bb83ad691d17fcb9, type: 3}
      propertyPath: m_LocalPosition.z
      value: -0.03150195
      objectReference: {fileID: 0}
    - target: {fileID: 4000010409153280, guid: 3228a22491941734bb83ad691d17fcb9, type: 3}
      propertyPath: m_LocalRotation.x
      value: -0.59014714
      objectReference: {fileID: 0}
    - target: {fileID: 4000010409153280, guid: 3228a22491941734bb83ad691d17fcb9, type: 3}
      propertyPath: m_LocalRotation.y
      value: -0.38952073
      objectReference: {fileID: 0}
    - target: {fileID: 4000010409153280, guid: 3228a22491941734bb83ad691d17fcb9, type: 3}
      propertyPath: m_LocalRotation.z
      value: -0.38952073
      objectReference: {fileID: 0}
    - target: {fileID: 4000010409153280, guid: 3228a22491941734bb83ad691d17fcb9, type: 3}
      propertyPath: m_LocalRotation.w
      value: 0.59014714
      objectReference: {fileID: 0}
    - target: {fileID: 4000010409153280, guid: 3228a22491941734bb83ad691d17fcb9, type: 3}
      propertyPath: m_RootOrder
      value: 0
      objectReference: {fileID: 0}
    - target: {fileID: 4000010409153280, guid: 3228a22491941734bb83ad691d17fcb9, type: 3}
      propertyPath: m_LocalEulerAnglesHint.x
      value: 0
      objectReference: {fileID: 0}
    - target: {fileID: 4000010409153280, guid: 3228a22491941734bb83ad691d17fcb9, type: 3}
      propertyPath: m_LocalEulerAnglesHint.y
      value: 0
      objectReference: {fileID: 0}
    - target: {fileID: 4000010409153280, guid: 3228a22491941734bb83ad691d17fcb9, type: 3}
      propertyPath: m_LocalEulerAnglesHint.z
      value: 0
      objectReference: {fileID: 0}
    - target: {fileID: 4000010409153280, guid: 3228a22491941734bb83ad691d17fcb9, type: 3}
      propertyPath: m_LocalScale.x
      value: 0.15102696
      objectReference: {fileID: 0}
    - target: {fileID: 4000010409153280, guid: 3228a22491941734bb83ad691d17fcb9, type: 3}
      propertyPath: m_LocalScale.y
      value: 0.15102702
      objectReference: {fileID: 0}
    - target: {fileID: 4000010409153280, guid: 3228a22491941734bb83ad691d17fcb9, type: 3}
      propertyPath: m_LocalScale.z
      value: 0.15102702
      objectReference: {fileID: 0}
    - target: {fileID: 1000013439165456, guid: 3228a22491941734bb83ad691d17fcb9, type: 3}
      propertyPath: m_IsActive
      value: 1
      objectReference: {fileID: 0}
    - target: {fileID: 1000013439165456, guid: 3228a22491941734bb83ad691d17fcb9, type: 3}
      propertyPath: m_StaticEditorFlags
      value: 16
      objectReference: {fileID: 0}
    - target: {fileID: 198000012351162682, guid: 3228a22491941734bb83ad691d17fcb9,
        type: 3}
      propertyPath: LightsModule.intensityCurve.scalar
      value: 2
      objectReference: {fileID: 0}
    - target: {fileID: 198000012351162682, guid: 3228a22491941734bb83ad691d17fcb9,
        type: 3}
      propertyPath: LightsModule.rangeCurve.scalar
      value: 10
      objectReference: {fileID: 0}
    - target: {fileID: 198000013621194436, guid: 3228a22491941734bb83ad691d17fcb9,
        type: 3}
      propertyPath: EmissionModule.rateOverTime.scalar
      value: 2
      objectReference: {fileID: 0}
    - target: {fileID: 198000013621194436, guid: 3228a22491941734bb83ad691d17fcb9,
        type: 3}
      propertyPath: ShapeModule.radius.value
      value: 0.02406943
      objectReference: {fileID: 0}
    - target: {fileID: 198000013621194436, guid: 3228a22491941734bb83ad691d17fcb9,
        type: 3}
      propertyPath: InitialModule.startLifetime.scalar
      value: 5
      objectReference: {fileID: 0}
    - target: {fileID: 198000013621194436, guid: 3228a22491941734bb83ad691d17fcb9,
        type: 3}
      propertyPath: InitialModule.startSpeed.minScalar
      value: 0.1
      objectReference: {fileID: 0}
    - target: {fileID: 198000013621194436, guid: 3228a22491941734bb83ad691d17fcb9,
        type: 3}
      propertyPath: InitialModule.startSpeed.scalar
      value: 2
      objectReference: {fileID: 0}
    - target: {fileID: 198000013621194436, guid: 3228a22491941734bb83ad691d17fcb9,
        type: 3}
      propertyPath: InitialModule.startLifetime.minScalar
      value: 3
      objectReference: {fileID: 0}
    - target: {fileID: 1000010646992276, guid: 3228a22491941734bb83ad691d17fcb9, type: 3}
      propertyPath: m_StaticEditorFlags
      value: 16
      objectReference: {fileID: 0}
    - target: {fileID: 4000011600473472, guid: 3228a22491941734bb83ad691d17fcb9, type: 3}
      propertyPath: m_LocalPosition.x
      value: -0.26
      objectReference: {fileID: 0}
    - target: {fileID: 4000011600473472, guid: 3228a22491941734bb83ad691d17fcb9, type: 3}
      propertyPath: m_LocalPosition.y
      value: -0.02
      objectReference: {fileID: 0}
    - target: {fileID: 4000012936073094, guid: 3228a22491941734bb83ad691d17fcb9, type: 3}
      propertyPath: m_LocalPosition.x
      value: -0.073
      objectReference: {fileID: 0}
    - target: {fileID: 4000012936073094, guid: 3228a22491941734bb83ad691d17fcb9, type: 3}
      propertyPath: m_LocalPosition.y
      value: -0.103
      objectReference: {fileID: 0}
    m_RemovedComponents: []
  m_SourcePrefab: {fileID: 100100000, guid: 3228a22491941734bb83ad691d17fcb9, type: 3}
--- !u!4 &633002139034610354 stripped
Transform:
  m_CorrespondingSourceObject: {fileID: 4000010409153280, guid: 3228a22491941734bb83ad691d17fcb9,
    type: 3}
  m_PrefabInstance: {fileID: 632428005279496626}
  m_PrefabAsset: {fileID: 0}
