%YAML 1.1
%TAG !u! tag:unity3d.com,2011:
--- !u!1 &5112963719785238197
GameObject:
  m_ObjectHideFlags: 0
  m_CorrespondingSourceObject: {fileID: 0}
  m_PrefabInstance: {fileID: 0}
  m_PrefabAsset: {fileID: 0}
  serializedVersion: 6
  m_Component:
  - component: {fileID: 5112963719785238198}
  m_Layer: 0
  m_Name: AmbienceSources
  m_TagString: Untagged
  m_Icon: {fileID: 0}
  m_NavMeshLayer: 0
  m_StaticEditorFlags: 0
  m_IsActive: 1
--- !u!4 &5112963719785238198
Transform:
  m_ObjectHideFlags: 0
  m_CorrespondingSourceObject: {fileID: 0}
  m_PrefabInstance: {fileID: 0}
  m_PrefabAsset: {fileID: 0}
  m_GameObject: {fileID: 5112963719785238197}
  m_LocalRotation: {x: 0, y: 0, z: 0, w: 1}
  m_LocalPosition: {x: 0, y: 0, z: 0}
  m_LocalScale: {x: 1, y: 1, z: 1}
  m_Children:
  - {fileID: 5112963719579811388}
  - {fileID: 5112963719947490109}
  - {fileID: 5112963719612931526}
  m_Father: {fileID: 0}
  m_RootOrder: 0
  m_LocalEulerAnglesHint: {x: 0, y: 0, z: 0}
--- !u!1001 &391789590782974901
PrefabInstance:
  m_ObjectHideFlags: 0
  serializedVersion: 2
  m_Modification:
    m_TransformParent: {fileID: 5112963719785238198}
    m_Modifications:
    - target: {fileID: 4871504908852824201, guid: 9a0f92f09104b004a8b9d23209a9b168,
        type: 3}
      propertyPath: m_Name
      value: ArmyMarching
      objectReference: {fileID: 0}
    - target: {fileID: 4871504908852824200, guid: 9a0f92f09104b004a8b9d23209a9b168,
        type: 3}
      propertyPath: m_LocalPosition.x
      value: -25
      objectReference: {fileID: 0}
    - target: {fileID: 4871504908852824200, guid: 9a0f92f09104b004a8b9d23209a9b168,
        type: 3}
      propertyPath: m_LocalPosition.y
      value: 1.991883
      objectReference: {fileID: 0}
    - target: {fileID: 4871504908852824200, guid: 9a0f92f09104b004a8b9d23209a9b168,
        type: 3}
      propertyPath: m_LocalPosition.z
      value: 50.7
      objectReference: {fileID: 0}
    - target: {fileID: 4871504908852824200, guid: 9a0f92f09104b004a8b9d23209a9b168,
        type: 3}
      propertyPath: m_LocalRotation.x
      value: -0
      objectReference: {fileID: 0}
    - target: {fileID: 4871504908852824200, guid: 9a0f92f09104b004a8b9d23209a9b168,
        type: 3}
      propertyPath: m_LocalRotation.y
      value: -0
      objectReference: {fileID: 0}
    - target: {fileID: 4871504908852824200, guid: 9a0f92f09104b004a8b9d23209a9b168,
        type: 3}
      propertyPath: m_LocalRotation.z
      value: -0
      objectReference: {fileID: 0}
    - target: {fileID: 4871504908852824200, guid: 9a0f92f09104b004a8b9d23209a9b168,
        type: 3}
      propertyPath: m_LocalRotation.w
      value: 1
      objectReference: {fileID: 0}
    - target: {fileID: 4871504908852824200, guid: 9a0f92f09104b004a8b9d23209a9b168,
        type: 3}
      propertyPath: m_RootOrder
      value: 1
      objectReference: {fileID: 0}
    - target: {fileID: 4871504908852824200, guid: 9a0f92f09104b004a8b9d23209a9b168,
        type: 3}
      propertyPath: m_LocalEulerAnglesHint.x
      value: 0
      objectReference: {fileID: 0}
    - target: {fileID: 4871504908852824200, guid: 9a0f92f09104b004a8b9d23209a9b168,
        type: 3}
      propertyPath: m_LocalEulerAnglesHint.y
      value: 0
      objectReference: {fileID: 0}
    - target: {fileID: 4871504908852824200, guid: 9a0f92f09104b004a8b9d23209a9b168,
        type: 3}
      propertyPath: m_LocalEulerAnglesHint.z
      value: 0
      objectReference: {fileID: 0}
    - target: {fileID: 4871504908852824203, guid: 9a0f92f09104b004a8b9d23209a9b168,
        type: 3}
      propertyPath: m_Volume
      value: 0.6
      objectReference: {fileID: 0}
    m_RemovedComponents: []
  m_SourcePrefab: {fileID: 100100000, guid: 9a0f92f09104b004a8b9d23209a9b168, type: 3}
--- !u!4 &5112963719947490109 stripped
Transform:
  m_CorrespondingSourceObject: {fileID: 4871504908852824200, guid: 9a0f92f09104b004a8b9d23209a9b168,
    type: 3}
  m_PrefabInstance: {fileID: 391789590782974901}
  m_PrefabAsset: {fileID: 0}
--- !u!1001 &1305444238580396151
PrefabInstance:
  m_ObjectHideFlags: 0
  serializedVersion: 2
  m_Modification:
    m_TransformParent: {fileID: 5112963719785238198}
    m_Modifications:
    - target: {fileID: 6118487502989241778, guid: 49da653b146230d4daef7086fcf100da,
        type: 3}
      propertyPath: m_Name
      value: BurningCity
      objectReference: {fileID: 0}
    - target: {fileID: 6118487502989241777, guid: 49da653b146230d4daef7086fcf100da,
        type: 3}
      propertyPath: m_LocalPosition.x
      value: -56
      objectReference: {fileID: 0}
    - target: {fileID: 6118487502989241777, guid: 49da653b146230d4daef7086fcf100da,
        type: 3}
      propertyPath: m_LocalPosition.y
      value: 1.991883
      objectReference: {fileID: 0}
    - target: {fileID: 6118487502989241777, guid: 49da653b146230d4daef7086fcf100da,
        type: 3}
      propertyPath: m_LocalPosition.z
      value: 212.9
      objectReference: {fileID: 0}
    - target: {fileID: 6118487502989241777, guid: 49da653b146230d4daef7086fcf100da,
        type: 3}
      propertyPath: m_LocalRotation.x
      value: -0
      objectReference: {fileID: 0}
    - target: {fileID: 6118487502989241777, guid: 49da653b146230d4daef7086fcf100da,
        type: 3}
      propertyPath: m_LocalRotation.y
      value: -0
      objectReference: {fileID: 0}
    - target: {fileID: 6118487502989241777, guid: 49da653b146230d4daef7086fcf100da,
        type: 3}
      propertyPath: m_LocalRotation.z
      value: -0
      objectReference: {fileID: 0}
    - target: {fileID: 6118487502989241777, guid: 49da653b146230d4daef7086fcf100da,
        type: 3}
      propertyPath: m_LocalRotation.w
      value: 1
      objectReference: {fileID: 0}
    - target: {fileID: 6118487502989241777, guid: 49da653b146230d4daef7086fcf100da,
        type: 3}
      propertyPath: m_RootOrder
      value: 2
      objectReference: {fileID: 0}
    - target: {fileID: 6118487502989241777, guid: 49da653b146230d4daef7086fcf100da,
        type: 3}
      propertyPath: m_LocalEulerAnglesHint.x
      value: 0
      objectReference: {fileID: 0}
    - target: {fileID: 6118487502989241777, guid: 49da653b146230d4daef7086fcf100da,
        type: 3}
      propertyPath: m_LocalEulerAnglesHint.y
      value: 0
      objectReference: {fileID: 0}
    - target: {fileID: 6118487502989241777, guid: 49da653b146230d4daef7086fcf100da,
        type: 3}
      propertyPath: m_LocalEulerAnglesHint.z
      value: 0
      objectReference: {fileID: 0}
    - target: {fileID: 6118487502989241776, guid: 49da653b146230d4daef7086fcf100da,
        type: 3}
      propertyPath: m_Volume
      value: 0.6
      objectReference: {fileID: 0}
    m_RemovedComponents: []
  m_SourcePrefab: {fileID: 100100000, guid: 49da653b146230d4daef7086fcf100da, type: 3}
--- !u!4 &5112963719612931526 stripped
Transform:
  m_CorrespondingSourceObject: {fileID: 6118487502989241777, guid: 49da653b146230d4daef7086fcf100da,
    type: 3}
  m_PrefabInstance: {fileID: 1305444238580396151}
  m_PrefabAsset: {fileID: 0}
--- !u!1001 &6809751613442594349
PrefabInstance:
  m_ObjectHideFlags: 0
  serializedVersion: 2
  m_Modification:
    m_TransformParent: {fileID: 5112963719785238198}
    m_Modifications:
    - target: {fileID: 1762592363678541855, guid: a0b2e710ea5984245aba599609feef3a,
        type: 3}
      propertyPath: m_Name
      value: Siege
      objectReference: {fileID: 0}
    - target: {fileID: 1762592363678541841, guid: a0b2e710ea5984245aba599609feef3a,
        type: 3}
      propertyPath: m_LocalPosition.x
      value: 160
      objectReference: {fileID: 0}
    - target: {fileID: 1762592363678541841, guid: a0b2e710ea5984245aba599609feef3a,
        type: 3}
      propertyPath: m_LocalPosition.y
      value: 1.991883
      objectReference: {fileID: 0}
    - target: {fileID: 1762592363678541841, guid: a0b2e710ea5984245aba599609feef3a,
        type: 3}
      propertyPath: m_LocalPosition.z
      value: -51
      objectReference: {fileID: 0}
    - target: {fileID: 1762592363678541841, guid: a0b2e710ea5984245aba599609feef3a,
        type: 3}
      propertyPath: m_LocalRotation.x
      value: -0
      objectReference: {fileID: 0}
    - target: {fileID: 1762592363678541841, guid: a0b2e710ea5984245aba599609feef3a,
        type: 3}
      propertyPath: m_LocalRotation.y
      value: -0
      objectReference: {fileID: 0}
    - target: {fileID: 1762592363678541841, guid: a0b2e710ea5984245aba599609feef3a,
        type: 3}
      propertyPath: m_LocalRotation.z
      value: -0
      objectReference: {fileID: 0}
    - target: {fileID: 1762592363678541841, guid: a0b2e710ea5984245aba599609feef3a,
        type: 3}
      propertyPath: m_LocalRotation.w
      value: 1
      objectReference: {fileID: 0}
    - target: {fileID: 1762592363678541841, guid: a0b2e710ea5984245aba599609feef3a,
        type: 3}
      propertyPath: m_RootOrder
      value: 0
      objectReference: {fileID: 0}
    - target: {fileID: 1762592363678541841, guid: a0b2e710ea5984245aba599609feef3a,
        type: 3}
      propertyPath: m_LocalEulerAnglesHint.x
      value: 0
      objectReference: {fileID: 0}
    - target: {fileID: 1762592363678541841, guid: a0b2e710ea5984245aba599609feef3a,
        type: 3}
      propertyPath: m_LocalEulerAnglesHint.y
      value: 0
      objectReference: {fileID: 0}
    - target: {fileID: 1762592363678541841, guid: a0b2e710ea5984245aba599609feef3a,
        type: 3}
      propertyPath: m_LocalEulerAnglesHint.z
      value: 0
      objectReference: {fileID: 0}
    - target: {fileID: 1762592363678541854, guid: a0b2e710ea5984245aba599609feef3a,
        type: 3}
      propertyPath: m_Volume
      value: 0.6
      objectReference: {fileID: 0}
    m_RemovedComponents: []
  m_SourcePrefab: {fileID: 100100000, guid: a0b2e710ea5984245aba599609feef3a, type: 3}
--- !u!4 &5112963719579811388 stripped
Transform:
  m_CorrespondingSourceObject: {fileID: 1762592363678541841, guid: a0b2e710ea5984245aba599609feef3a,
    type: 3}
  m_PrefabInstance: {fileID: 6809751613442594349}
  m_PrefabAsset: {fileID: 0}
