%YAML 1.1
%TAG !u! tag:unity3d.com,2011:
--- !u!1 &5071905412775175257
GameObject:
  m_ObjectHideFlags: 0
  m_CorrespondingSourceObject: {fileID: 0}
  m_PrefabInstance: {fileID: 0}
  m_PrefabAsset: {fileID: 0}
  serializedVersion: 6
  m_Component:
  - component: {fileID: 5071905412775671929}
  - component: {fileID: 5071905412765783581}
  m_Layer: 0
  m_Name: BowViewModel
  m_TagString: Untagged
  m_Icon: {fileID: 0}
  m_NavMeshLayer: 0
  m_StaticEditorFlags: 0
  m_IsActive: 1
--- !u!4 &5071905412775671929
Transform:
  m_ObjectHideFlags: 0
  m_CorrespondingSourceObject: {fileID: 0}
  m_PrefabInstance: {fileID: 0}
  m_PrefabAsset: {fileID: 0}
  m_GameObject: {fileID: 5071905412775175257}
  m_LocalRotation: {x: -0, y: -0, z: -0.021352489, w: 0.999772}
  m_LocalPosition: {x: 0.072, y: -0.198, z: 0.129}
  m_LocalScale: {x: 1, y: 1, z: 1}
  m_Children:
  - {fileID: 5071905412775672317}
  - {fileID: 5071905412775672313}
  - {fileID: 5071905412775672211}
  m_Father: {fileID: 0}
  m_RootOrder: 0
  m_LocalEulerAnglesHint: {x: 0, y: 0, z: -2.447}
--- !u!95 &5071905412765783581
Animator:
  serializedVersion: 3
  m_ObjectHideFlags: 0
  m_CorrespondingSourceObject: {fileID: 0}
  m_PrefabInstance: {fileID: 0}
  m_PrefabAsset: {fileID: 0}
  m_GameObject: {fileID: 5071905412775175257}
  m_Enabled: 1
  m_Avatar: {fileID: 9000000, guid: bc0806db4a2e5684ea2caab898fae358, type: 3}
  m_Controller: {fileID: 9100000, guid: 3298b6465d11fa045b85a72d78f3d9ae, type: 2}
  m_CullingMode: 1
  m_UpdateMode: 0
  m_ApplyRootMotion: 0
  m_LinearVelocityBlending: 0
  m_WarningMessage: 
  m_HasTransformHierarchy: 1
  m_AllowConstantClipSamplingOptimization: 1
  m_KeepAnimatorControllerStateOnDisable: 0
--- !u!1 &5071905412775175261
GameObject:
  m_ObjectHideFlags: 0
  m_CorrespondingSourceObject: {fileID: 0}
  m_PrefabInstance: {fileID: 0}
  m_PrefabAsset: {fileID: 0}
  serializedVersion: 6
  m_Component:
  - component: {fileID: 5071905412775671933}
  m_Layer: 0
  m_Name: upper.L
  m_TagString: Untagged
  m_Icon: {fileID: 0}
  m_NavMeshLayer: 0
  m_StaticEditorFlags: 0
  m_IsActive: 1
--- !u!4 &5071905412775671933
Transform:
  m_ObjectHideFlags: 0
  m_CorrespondingSourceObject: {fileID: 0}
  m_PrefabInstance: {fileID: 0}
  m_PrefabAsset: {fileID: 0}
  m_GameObject: {fileID: 5071905412775175261}
  m_LocalRotation: {x: 0.8573427, y: -0.511989, z: 0.03454228, w: -0.04046716}
  m_LocalPosition: {x: 0.000028278675, y: 0.003041241, z: -4.7578625e-12}
  m_LocalScale: {x: 0.99999994, y: 0.9999996, z: 0.9999999}
  m_Children:
  - {fileID: 5071905412775672291}
  m_Father: {fileID: 5071905412775672301}
  m_RootOrder: 0
  m_LocalEulerAnglesHint: {x: 0, y: 0, z: 0}
--- !u!1 &5071905412775175263
GameObject:
  m_ObjectHideFlags: 0
  m_CorrespondingSourceObject: {fileID: 0}
  m_PrefabInstance: {fileID: 0}
  m_PrefabAsset: {fileID: 0}
  serializedVersion: 6
  m_Component:
  - component: {fileID: 5071905412775671935}
  m_Layer: 0
  m_Name: upper.R
  m_TagString: Untagged
  m_Icon: {fileID: 0}
  m_NavMeshLayer: 0
  m_StaticEditorFlags: 0
  m_IsActive: 1
--- !u!4 &5071905412775671935
Transform:
  m_ObjectHideFlags: 0
  m_CorrespondingSourceObject: {fileID: 0}
  m_PrefabInstance: {fileID: 0}
  m_PrefabAsset: {fileID: 0}
  m_GameObject: {fileID: 5071905412775175263}
  m_LocalRotation: {x: 0.7807579, y: 0.52492356, z: -0.33702666, w: -0.035851825}
  m_LocalPosition: {x: -0.00002827851, y: 0.0030412418, z: 0}
  m_LocalScale: {x: 1, y: 0.9999996, z: 1}
  m_Children:
  - {fileID: 5071905412775672287}
  m_Father: {fileID: 5071905412775672303}
  m_RootOrder: 0
  m_LocalEulerAnglesHint: {x: 0, y: 0, z: 0}
--- !u!1 &5071905412775175265
GameObject:
  m_ObjectHideFlags: 0
  m_CorrespondingSourceObject: {fileID: 0}
  m_PrefabInstance: {fileID: 0}
  m_PrefabAsset: {fileID: 0}
  serializedVersion: 6
  m_Component:
  - component: {fileID: 5071905412775672193}
  m_Layer: 0
  m_Name: thumb3.R
  m_TagString: Untagged
  m_Icon: {fileID: 0}
  m_NavMeshLayer: 0
  m_StaticEditorFlags: 0
  m_IsActive: 1
--- !u!4 &5071905412775672193
Transform:
  m_ObjectHideFlags: 0
  m_CorrespondingSourceObject: {fileID: 0}
  m_PrefabInstance: {fileID: 0}
  m_PrefabAsset: {fileID: 0}
  m_GameObject: {fileID: 5071905412775175265}
  m_LocalRotation: {x: -0.24789113, y: 0.20078252, z: -0.052815806, w: 0.94628054}
  m_LocalPosition: {x: 1.4156104e-10, y: 0.00038640713, z: 4.4703484e-11}
  m_LocalScale: {x: 1, y: 0.9999999, z: 0.99999994}
  m_Children:
  - {fileID: 5071905412775672195}
  m_Father: {fileID: 5071905412775672203}
  m_RootOrder: 0
  m_LocalEulerAnglesHint: {x: 0, y: 0, z: 0}
--- !u!1 &5071905412775175267
GameObject:
  m_ObjectHideFlags: 0
  m_CorrespondingSourceObject: {fileID: 0}
  m_PrefabInstance: {fileID: 0}
  m_PrefabAsset: {fileID: 0}
  serializedVersion: 6
  m_Component:
  - component: {fileID: 5071905412775672195}
  m_Layer: 0
  m_Name: thumb3.R_end
  m_TagString: Untagged
  m_Icon: {fileID: 0}
  m_NavMeshLayer: 0
  m_StaticEditorFlags: 0
  m_IsActive: 1
--- !u!4 &5071905412775672195
Transform:
  m_ObjectHideFlags: 0
  m_CorrespondingSourceObject: {fileID: 0}
  m_PrefabInstance: {fileID: 0}
  m_PrefabAsset: {fileID: 0}
  m_GameObject: {fileID: 5071905412775175267}
  m_LocalRotation: {x: 0, y: -0, z: -0, w: 1}
  m_LocalPosition: {x: -0, y: 0.00032874086, z: 0}
  m_LocalScale: {x: 1, y: 1, z: 1}
  m_Children: []
  m_Father: {fileID: 5071905412775672193}
  m_RootOrder: 0
  m_LocalEulerAnglesHint: {x: 0, y: 0, z: 0}
--- !u!1 &5071905412775175269
GameObject:
  m_ObjectHideFlags: 0
  m_CorrespondingSourceObject: {fileID: 0}
  m_PrefabInstance: {fileID: 0}
  m_PrefabAsset: {fileID: 0}
  serializedVersion: 6
  m_Component:
  - component: {fileID: 5071905412775672197}
  m_Layer: 0
  m_Name: thumb3.L
  m_TagString: Untagged
  m_Icon: {fileID: 0}
  m_NavMeshLayer: 0
  m_StaticEditorFlags: 0
  m_IsActive: 1
--- !u!4 &5071905412775672197
Transform:
  m_ObjectHideFlags: 0
  m_CorrespondingSourceObject: {fileID: 0}
  m_PrefabInstance: {fileID: 0}
  m_PrefabAsset: {fileID: 0}
  m_GameObject: {fileID: 5071905412775175269}
  m_LocalRotation: {x: -0.26552165, y: -0.024353063, z: -0.281612, w: 0.92173743}
  m_LocalPosition: {x: 1.192093e-10, y: 0.0003864071, z: 1.7881394e-10}
  m_LocalScale: {x: 0.99999976, y: 0.9999998, z: 0.9999999}
  m_Children:
  - {fileID: 5071905412775672199}
  m_Father: {fileID: 5071905412775672201}
  m_RootOrder: 0
  m_LocalEulerAnglesHint: {x: 0, y: 0, z: 0}
--- !u!1 &5071905412775175271
GameObject:
  m_ObjectHideFlags: 0
  m_CorrespondingSourceObject: {fileID: 0}
  m_PrefabInstance: {fileID: 0}
  m_PrefabAsset: {fileID: 0}
  serializedVersion: 6
  m_Component:
  - component: {fileID: 5071905412775672199}
  m_Layer: 0
  m_Name: thumb3.L_end
  m_TagString: Untagged
  m_Icon: {fileID: 0}
  m_NavMeshLayer: 0
  m_StaticEditorFlags: 0
  m_IsActive: 1
--- !u!4 &5071905412775672199
Transform:
  m_ObjectHideFlags: 0
  m_CorrespondingSourceObject: {fileID: 0}
  m_PrefabInstance: {fileID: 0}
  m_PrefabAsset: {fileID: 0}
  m_GameObject: {fileID: 5071905412775175271}
  m_LocalRotation: {x: 0, y: -0, z: -0, w: 1}
  m_LocalPosition: {x: -0, y: 0.00032874086, z: 0}
  m_LocalScale: {x: 1, y: 1, z: 1}
  m_Children: []
  m_Father: {fileID: 5071905412775672197}
  m_RootOrder: 0
  m_LocalEulerAnglesHint: {x: 0, y: 0, z: 0}
--- !u!1 &5071905412775175273
GameObject:
  m_ObjectHideFlags: 0
  m_CorrespondingSourceObject: {fileID: 0}
  m_PrefabInstance: {fileID: 0}
  m_PrefabAsset: {fileID: 0}
  serializedVersion: 6
  m_Component:
  - component: {fileID: 5071905412775672201}
  m_Layer: 0
  m_Name: thumb2.L
  m_TagString: Untagged
  m_Icon: {fileID: 0}
  m_NavMeshLayer: 0
  m_StaticEditorFlags: 0
  m_IsActive: 1
--- !u!4 &5071905412775672201
Transform:
  m_ObjectHideFlags: 0
  m_CorrespondingSourceObject: {fileID: 0}
  m_PrefabInstance: {fileID: 0}
  m_PrefabAsset: {fileID: 0}
  m_GameObject: {fileID: 5071905412775175273}
  m_LocalRotation: {x: -0.31902948, y: 0.06713391, z: -0.014450819, w: 0.9452536}
  m_LocalPosition: {x: -1.7881394e-10, y: 0.00035270822, z: -2.9802324e-10}
  m_LocalScale: {x: 1, y: 1, z: 0.99999994}
  m_Children:
  - {fileID: 5071905412775672197}
  m_Father: {fileID: 5071905412775672205}
  m_RootOrder: 0
  m_LocalEulerAnglesHint: {x: 0, y: 0, z: 0}
--- !u!1 &5071905412775175275
GameObject:
  m_ObjectHideFlags: 0
  m_CorrespondingSourceObject: {fileID: 0}
  m_PrefabInstance: {fileID: 0}
  m_PrefabAsset: {fileID: 0}
  serializedVersion: 6
  m_Component:
  - component: {fileID: 5071905412775672203}
  m_Layer: 0
  m_Name: thumb2.R
  m_TagString: Untagged
  m_Icon: {fileID: 0}
  m_NavMeshLayer: 0
  m_StaticEditorFlags: 0
  m_IsActive: 1
--- !u!4 &5071905412775672203
Transform:
  m_ObjectHideFlags: 0
  m_CorrespondingSourceObject: {fileID: 0}
  m_PrefabInstance: {fileID: 0}
  m_PrefabAsset: {fileID: 0}
  m_GameObject: {fileID: 5071905412775175275}
  m_LocalRotation: {x: -0.41731104, y: -0.049975574, z: -0.073221736, w: 0.9044294}
  m_LocalPosition: {x: -7.450581e-11, y: 0.00035270848, z: -2.2351743e-10}
  m_LocalScale: {x: 1.0000001, y: 1, z: 1}
  m_Children:
  - {fileID: 5071905412775672193}
  m_Father: {fileID: 5071905412775672207}
  m_RootOrder: 0
  m_LocalEulerAnglesHint: {x: 0, y: 0, z: 0}
--- !u!1 &5071905412775175277
GameObject:
  m_ObjectHideFlags: 0
  m_CorrespondingSourceObject: {fileID: 0}
  m_PrefabInstance: {fileID: 0}
  m_PrefabAsset: {fileID: 0}
  serializedVersion: 6
  m_Component:
  - component: {fileID: 5071905412775672205}
  m_Layer: 0
  m_Name: thumb1.L
  m_TagString: Untagged
  m_Icon: {fileID: 0}
  m_NavMeshLayer: 0
  m_StaticEditorFlags: 0
  m_IsActive: 1
--- !u!4 &5071905412775672205
Transform:
  m_ObjectHideFlags: 0
  m_CorrespondingSourceObject: {fileID: 0}
  m_PrefabInstance: {fileID: 0}
  m_PrefabAsset: {fileID: 0}
  m_GameObject: {fileID: 5071905412775175277}
  m_LocalRotation: {x: 0.38701418, y: -0.0863298, z: 0.1550538, w: 0.90483457}
  m_LocalPosition: {x: -0.00033942563, y: 0.00096288347, z: 0.0004947163}
  m_LocalScale: {x: 1, y: 0.99999994, z: 1}
  m_Children:
  - {fileID: 5071905412775672201}
  m_Father: {fileID: 5071905412775672283}
  m_RootOrder: 5
  m_LocalEulerAnglesHint: {x: 0, y: 0, z: 0}
--- !u!1 &5071905412775175279
GameObject:
  m_ObjectHideFlags: 0
  m_CorrespondingSourceObject: {fileID: 0}
  m_PrefabInstance: {fileID: 0}
  m_PrefabAsset: {fileID: 0}
  serializedVersion: 6
  m_Component:
  - component: {fileID: 5071905412775672207}
  m_Layer: 0
  m_Name: thumb1.R
  m_TagString: Untagged
  m_Icon: {fileID: 0}
  m_NavMeshLayer: 0
  m_StaticEditorFlags: 0
  m_IsActive: 1
--- !u!4 &5071905412775672207
Transform:
  m_ObjectHideFlags: 0
  m_CorrespondingSourceObject: {fileID: 0}
  m_PrefabInstance: {fileID: 0}
  m_PrefabAsset: {fileID: 0}
  m_GameObject: {fileID: 5071905412775175279}
  m_LocalRotation: {x: 0.3410846, y: 0.2809024, z: -0.28964493, w: 0.8490354}
  m_LocalPosition: {x: 0.00033942543, y: 0.00096288306, z: 0.0004947165}
  m_LocalScale: {x: 1, y: 0.99999994, z: 1}
  m_Children:
  - {fileID: 5071905412775672203}
  m_Father: {fileID: 5071905412775672277}
  m_RootOrder: 5
  m_LocalEulerAnglesHint: {x: 0, y: 0, z: 0}
--- !u!1 &5071905412775175281
GameObject:
  m_ObjectHideFlags: 0
  m_CorrespondingSourceObject: {fileID: 0}
  m_PrefabInstance: {fileID: 0}
  m_PrefabAsset: {fileID: 0}
  serializedVersion: 6
  m_Component:
  - component: {fileID: 5071905412775672209}
  m_Layer: 0
  m_Name: ring3.R_end
  m_TagString: Untagged
  m_Icon: {fileID: 0}
  m_NavMeshLayer: 0
  m_StaticEditorFlags: 0
  m_IsActive: 1
--- !u!4 &5071905412775672209
Transform:
  m_ObjectHideFlags: 0
  m_CorrespondingSourceObject: {fileID: 0}
  m_PrefabInstance: {fileID: 0}
  m_PrefabAsset: {fileID: 0}
  m_GameObject: {fileID: 5071905412775175281}
  m_LocalRotation: {x: 0, y: -0, z: -0, w: 1}
  m_LocalPosition: {x: -0, y: 0.00034762942, z: 0}
  m_LocalScale: {x: 1, y: 1, z: 1}
  m_Children: []
  m_Father: {fileID: 5071905412775672215}
  m_RootOrder: 0
  m_LocalEulerAnglesHint: {x: 0, y: 0, z: 0}
--- !u!1 &5071905412775175283
GameObject:
  m_ObjectHideFlags: 0
  m_CorrespondingSourceObject: {fileID: 0}
  m_PrefabInstance: {fileID: 0}
  m_PrefabAsset: {fileID: 0}
  serializedVersion: 6
  m_Component:
  - component: {fileID: 5071905412775672211}
  - component: {fileID: 5071905412761577695}
  m_Layer: 0
  m_Name: string
  m_TagString: Untagged
  m_Icon: {fileID: 0}
  m_NavMeshLayer: 0
  m_StaticEditorFlags: 0
  m_IsActive: 1
--- !u!4 &5071905412775672211
Transform:
  m_ObjectHideFlags: 0
  m_CorrespondingSourceObject: {fileID: 0}
  m_PrefabInstance: {fileID: 0}
  m_PrefabAsset: {fileID: 0}
  m_GameObject: {fileID: 5071905412775175283}
  m_LocalRotation: {x: 0.2574125, y: -0.66508156, z: 0.23282103, w: 0.6612108}
  m_LocalPosition: {x: 0.18627787, y: -0.10498071, z: 0.6303639}
  m_LocalScale: {x: 100.00001, y: 100, z: 99.99999}
  m_Children: []
  m_Father: {fileID: 5071905412775671929}
  m_RootOrder: 2
  m_LocalEulerAnglesHint: {x: 0, y: 0, z: 0}
--- !u!137 &5071905412761577695
SkinnedMeshRenderer:
  m_ObjectHideFlags: 0
  m_CorrespondingSourceObject: {fileID: 0}
  m_PrefabInstance: {fileID: 0}
  m_PrefabAsset: {fileID: 0}
  m_GameObject: {fileID: 5071905412775175283}
  m_Enabled: 1
  m_CastShadows: 1
  m_ReceiveShadows: 1
  m_DynamicOccludee: 1
  m_MotionVectors: 1
  m_LightProbeUsage: 1
  m_ReflectionProbeUsage: 1
  m_RenderingLayerMask: 1
  m_RendererPriority: 0
  m_Materials:
  - {fileID: 2100000, guid: bc0806db4a2e5684ea2caab898fae358, type: 3}
  m_StaticBatchInfo:
    firstSubMesh: 0
    subMeshCount: 0
  m_StaticBatchRoot: {fileID: 0}
  m_ProbeAnchor: {fileID: 0}
  m_LightProbeVolumeOverride: {fileID: 0}
  m_ScaleInLightmap: 1
  m_PreserveUVs: 0
  m_IgnoreNormalsForChartDetection: 0
  m_ImportantGI: 0
  m_StitchLightmapSeams: 0
  m_SelectedEditorRenderState: 3
  m_MinimumChartSize: 4
  m_AutoUVMaxDistance: 0.5
  m_AutoUVMaxAngle: 89
  m_LightmapParameters: {fileID: 0}
  m_SortingLayerID: 0
  m_SortingLayer: 0
  m_SortingOrder: 0
  serializedVersion: 2
  m_Quality: 0
  m_UpdateWhenOffscreen: 0
  m_SkinnedMotionVectors: 1
  m_Mesh: {fileID: 4300004, guid: bc0806db4a2e5684ea2caab898fae358, type: 3}
  m_Bones:
  - {fileID: 5071905412775672309}
  - {fileID: 5071905412775672311}
  m_BlendShapeWeights: []
  m_RootBone: {fileID: 5071905412775672309}
  m_AABB:
    m_Center: {x: -0.00000009080395, y: -0.0005664774, z: 0.0000000088475645}
    m_Extent: {x: 0.007082937, y: 0.0015265672, z: 0.00032200522}
  m_DirtyAABB: 0
--- !u!1 &5071905412775175285
GameObject:
  m_ObjectHideFlags: 0
  m_CorrespondingSourceObject: {fileID: 0}
  m_PrefabInstance: {fileID: 0}
  m_PrefabAsset: {fileID: 0}
  serializedVersion: 6
  m_Component:
  - component: {fileID: 5071905412775672213}
  m_Layer: 0
  m_Name: ring3.L_end
  m_TagString: Untagged
  m_Icon: {fileID: 0}
  m_NavMeshLayer: 0
  m_StaticEditorFlags: 0
  m_IsActive: 1
--- !u!4 &5071905412775672213
Transform:
  m_ObjectHideFlags: 0
  m_CorrespondingSourceObject: {fileID: 0}
  m_PrefabInstance: {fileID: 0}
  m_PrefabAsset: {fileID: 0}
  m_GameObject: {fileID: 5071905412775175285}
  m_LocalRotation: {x: 0, y: -0, z: -0, w: 1}
  m_LocalPosition: {x: -0, y: 0.00034762942, z: 0}
  m_LocalScale: {x: 1, y: 1, z: 1}
  m_Children: []
  m_Father: {fileID: 5071905412775672219}
  m_RootOrder: 0
  m_LocalEulerAnglesHint: {x: 0, y: 0, z: 0}
--- !u!1 &5071905412775175287
GameObject:
  m_ObjectHideFlags: 0
  m_CorrespondingSourceObject: {fileID: 0}
  m_PrefabInstance: {fileID: 0}
  m_PrefabAsset: {fileID: 0}
  serializedVersion: 6
  m_Component:
  - component: {fileID: 5071905412775672215}
  m_Layer: 0
  m_Name: ring3.R
  m_TagString: Untagged
  m_Icon: {fileID: 0}
  m_NavMeshLayer: 0
  m_StaticEditorFlags: 0
  m_IsActive: 1
--- !u!4 &5071905412775672215
Transform:
  m_ObjectHideFlags: 0
  m_CorrespondingSourceObject: {fileID: 0}
  m_PrefabInstance: {fileID: 0}
  m_PrefabAsset: {fileID: 0}
  m_GameObject: {fileID: 5071905412775175287}
  m_LocalRotation: {x: -0.047252294, y: 0.02789404, z: -0.117562, w: 0.9915485}
  m_LocalPosition: {x: 1.7881394e-10, y: 0.0003125744, z: -8.940697e-11}
  m_LocalScale: {x: 0.99999976, y: 0.9999999, z: 0.9999998}
  m_Children:
  - {fileID: 5071905412775672209}
  m_Father: {fileID: 5071905412775672217}
  m_RootOrder: 0
  m_LocalEulerAnglesHint: {x: 0, y: 0, z: 0}
--- !u!1 &5071905412775175289
GameObject:
  m_ObjectHideFlags: 0
  m_CorrespondingSourceObject: {fileID: 0}
  m_PrefabInstance: {fileID: 0}
  m_PrefabAsset: {fileID: 0}
  serializedVersion: 6
  m_Component:
  - component: {fileID: 5071905412775672217}
  m_Layer: 0
  m_Name: ring2.R
  m_TagString: Untagged
  m_Icon: {fileID: 0}
  m_NavMeshLayer: 0
  m_StaticEditorFlags: 0
  m_IsActive: 1
--- !u!4 &5071905412775672217
Transform:
  m_ObjectHideFlags: 0
  m_CorrespondingSourceObject: {fileID: 0}
  m_PrefabInstance: {fileID: 0}
  m_PrefabAsset: {fileID: 0}
  m_GameObject: {fileID: 5071905412775175289}
  m_LocalRotation: {x: 0.03243896, y: 0.034802724, z: -0.73666114, w: 0.67458653}
  m_LocalPosition: {x: 2.840534e-10, y: 0.000455008, z: 0}
  m_LocalScale: {x: 1.0000001, y: 1.0000001, z: 0.99999994}
  m_Children:
  - {fileID: 5071905412775672215}
  m_Father: {fileID: 5071905412775672221}
  m_RootOrder: 0
  m_LocalEulerAnglesHint: {x: 0, y: 0, z: 0}
--- !u!1 &5071905412775175291
GameObject:
  m_ObjectHideFlags: 0
  m_CorrespondingSourceObject: {fileID: 0}
  m_PrefabInstance: {fileID: 0}
  m_PrefabAsset: {fileID: 0}
  serializedVersion: 6
  m_Component:
  - component: {fileID: 5071905412775672219}
  m_Layer: 0
  m_Name: ring3.L
  m_TagString: Untagged
  m_Icon: {fileID: 0}
  m_NavMeshLayer: 0
  m_StaticEditorFlags: 0
  m_IsActive: 1
--- !u!4 &5071905412775672219
Transform:
  m_ObjectHideFlags: 0
  m_CorrespondingSourceObject: {fileID: 0}
  m_PrefabInstance: {fileID: 0}
  m_PrefabAsset: {fileID: 0}
  m_GameObject: {fileID: 5071905412775175291}
  m_LocalRotation: {x: -0.014620476, y: 0.03402815, z: 0.63178146, w: 0.7742613}
  m_LocalPosition: {x: 5.960465e-11, y: 0.00031257415, z: -2.384186e-10}
  m_LocalScale: {x: 1.0000002, y: 1.0000001, z: 1.0000001}
  m_Children:
  - {fileID: 5071905412775672213}
  m_Father: {fileID: 5071905412775672223}
  m_RootOrder: 0
  m_LocalEulerAnglesHint: {x: 0, y: 0, z: 0}
--- !u!1 &5071905412775175293
GameObject:
  m_ObjectHideFlags: 0
  m_CorrespondingSourceObject: {fileID: 0}
  m_PrefabInstance: {fileID: 0}
  m_PrefabAsset: {fileID: 0}
  serializedVersion: 6
  m_Component:
  - component: {fileID: 5071905412775672221}
  m_Layer: 0
  m_Name: ring1.R
  m_TagString: Untagged
  m_Icon: {fileID: 0}
  m_NavMeshLayer: 0
  m_StaticEditorFlags: 0
  m_IsActive: 1
--- !u!4 &5071905412775672221
Transform:
  m_ObjectHideFlags: 0
  m_CorrespondingSourceObject: {fileID: 0}
  m_PrefabInstance: {fileID: 0}
  m_PrefabAsset: {fileID: 0}
  m_GameObject: {fileID: 5071905412775175293}
  m_LocalRotation: {x: 0.008119485, y: -0.046092305, z: -0.63578874, w: 0.7704429}
  m_LocalPosition: {x: 0.00003433352, y: 0.0019703144, z: -0.00024122522}
  m_LocalScale: {x: 0.99999994, y: 1, z: 0.99999994}
  m_Children:
  - {fileID: 5071905412775672217}
  m_Father: {fileID: 5071905412775672277}
  m_RootOrder: 4
  m_LocalEulerAnglesHint: {x: 0, y: 0, z: 0}
--- !u!1 &5071905412775175295
GameObject:
  m_ObjectHideFlags: 0
  m_CorrespondingSourceObject: {fileID: 0}
  m_PrefabInstance: {fileID: 0}
  m_PrefabAsset: {fileID: 0}
  serializedVersion: 6
  m_Component:
  - component: {fileID: 5071905412775672223}
  m_Layer: 0
  m_Name: ring2.L
  m_TagString: Untagged
  m_Icon: {fileID: 0}
  m_NavMeshLayer: 0
  m_StaticEditorFlags: 0
  m_IsActive: 1
--- !u!4 &5071905412775672223
Transform:
  m_ObjectHideFlags: 0
  m_CorrespondingSourceObject: {fileID: 0}
  m_PrefabInstance: {fileID: 0}
  m_PrefabAsset: {fileID: 0}
  m_GameObject: {fileID: 5071905412775175295}
  m_LocalRotation: {x: 0.10168867, y: 0.017970614, z: 0.30922812, w: 0.9453648}
  m_LocalPosition: {x: 2.9802324e-10, y: 0.0004550075, z: 2.9802324e-11}
  m_LocalScale: {x: 1.0000001, y: 1.0000001, z: 0.99999994}
  m_Children:
  - {fileID: 5071905412775672219}
  m_Father: {fileID: 5071905412775672227}
  m_RootOrder: 0
  m_LocalEulerAnglesHint: {x: 0, y: 0, z: 0}
--- !u!1 &5071905412775175553
GameObject:
  m_ObjectHideFlags: 0
  m_CorrespondingSourceObject: {fileID: 0}
  m_PrefabInstance: {fileID: 0}
  m_PrefabAsset: {fileID: 0}
  serializedVersion: 6
  m_Component:
  - component: {fileID: 5071905412775672225}
  m_Layer: 0
  m_Name: pinky3.R_end
  m_TagString: Untagged
  m_Icon: {fileID: 0}
  m_NavMeshLayer: 0
  m_StaticEditorFlags: 0
  m_IsActive: 1
--- !u!4 &5071905412775672225
Transform:
  m_ObjectHideFlags: 0
  m_CorrespondingSourceObject: {fileID: 0}
  m_PrefabInstance: {fileID: 0}
  m_PrefabAsset: {fileID: 0}
  m_GameObject: {fileID: 5071905412775175553}
  m_LocalRotation: {x: 0, y: -0, z: -0, w: 1}
  m_LocalPosition: {x: -0, y: 0.00027622035, z: 0}
  m_LocalScale: {x: 1, y: 1, z: 1}
  m_Children: []
  m_Father: {fileID: 5071905412775672231}
  m_RootOrder: 0
  m_LocalEulerAnglesHint: {x: 0, y: 0, z: 0}
--- !u!1 &5071905412775175555
GameObject:
  m_ObjectHideFlags: 0
  m_CorrespondingSourceObject: {fileID: 0}
  m_PrefabInstance: {fileID: 0}
  m_PrefabAsset: {fileID: 0}
  serializedVersion: 6
  m_Component:
  - component: {fileID: 5071905412775672227}
  m_Layer: 0
  m_Name: ring1.L
  m_TagString: Untagged
  m_Icon: {fileID: 0}
  m_NavMeshLayer: 0
  m_StaticEditorFlags: 0
  m_IsActive: 1
--- !u!4 &5071905412775672227
Transform:
  m_ObjectHideFlags: 0
  m_CorrespondingSourceObject: {fileID: 0}
  m_PrefabInstance: {fileID: 0}
  m_PrefabAsset: {fileID: 0}
  m_GameObject: {fileID: 5071905412775175555}
  m_LocalRotation: {x: 0.038282983, y: 0.0053450763, z: 0.8592969, w: 0.51001436}
  m_LocalPosition: {x: -0.00006860036, y: 0.0020298332, z: -0.00023212619}
  m_LocalScale: {x: 0.9999998, y: 0.9999999, z: 0.99999994}
  m_Children:
  - {fileID: 5071905412775672223}
  m_Father: {fileID: 5071905412775672283}
  m_RootOrder: 4
  m_LocalEulerAnglesHint: {x: 0, y: 0, z: 0}
--- !u!1 &5071905412775175557
GameObject:
  m_ObjectHideFlags: 0
  m_CorrespondingSourceObject: {fileID: 0}
  m_PrefabInstance: {fileID: 0}
  m_PrefabAsset: {fileID: 0}
  serializedVersion: 6
  m_Component:
  - component: {fileID: 5071905412775672229}
  m_Layer: 0
  m_Name: pinky3.L_end
  m_TagString: Untagged
  m_Icon: {fileID: 0}
  m_NavMeshLayer: 0
  m_StaticEditorFlags: 0
  m_IsActive: 1
--- !u!4 &5071905412775672229
Transform:
  m_ObjectHideFlags: 0
  m_CorrespondingSourceObject: {fileID: 0}
  m_PrefabInstance: {fileID: 0}
  m_PrefabAsset: {fileID: 0}
  m_GameObject: {fileID: 5071905412775175557}
  m_LocalRotation: {x: 0, y: -0, z: -0, w: 1}
  m_LocalPosition: {x: -0, y: 0.00027622035, z: 0}
  m_LocalScale: {x: 1, y: 1, z: 1}
  m_Children: []
  m_Father: {fileID: 5071905412775672235}
  m_RootOrder: 0
  m_LocalEulerAnglesHint: {x: 0, y: 0, z: 0}
--- !u!1 &5071905412775175559
GameObject:
  m_ObjectHideFlags: 0
  m_CorrespondingSourceObject: {fileID: 0}
  m_PrefabInstance: {fileID: 0}
  m_PrefabAsset: {fileID: 0}
  serializedVersion: 6
  m_Component:
  - component: {fileID: 5071905412775672231}
  m_Layer: 0
  m_Name: pinky3.R
  m_TagString: Untagged
  m_Icon: {fileID: 0}
  m_NavMeshLayer: 0
  m_StaticEditorFlags: 0
  m_IsActive: 1
--- !u!4 &5071905412775672231
Transform:
  m_ObjectHideFlags: 0
  m_CorrespondingSourceObject: {fileID: 0}
  m_PrefabInstance: {fileID: 0}
  m_PrefabAsset: {fileID: 0}
  m_GameObject: {fileID: 5071905412775175559}
  m_LocalRotation: {x: 0.014218321, y: 0.078213505, z: -0.10818761, w: 0.990947}
  m_LocalPosition: {x: -1.192093e-10, y: 0.00025126632, z: -5.960465e-11}
  m_LocalScale: {x: 1.0000001, y: 0.99999976, z: 0.99999976}
  m_Children:
  - {fileID: 5071905412775672225}
  m_Father: {fileID: 5071905412775672233}
  m_RootOrder: 0
  m_LocalEulerAnglesHint: {x: 0, y: 0, z: 0}
--- !u!1 &5071905412775175561
GameObject:
  m_ObjectHideFlags: 0
  m_CorrespondingSourceObject: {fileID: 0}
  m_PrefabInstance: {fileID: 0}
  m_PrefabAsset: {fileID: 0}
  serializedVersion: 6
  m_Component:
  - component: {fileID: 5071905412775672233}
  m_Layer: 0
  m_Name: pinky2.R
  m_TagString: Untagged
  m_Icon: {fileID: 0}
  m_NavMeshLayer: 0
  m_StaticEditorFlags: 0
  m_IsActive: 1
--- !u!4 &5071905412775672233
Transform:
  m_ObjectHideFlags: 0
  m_CorrespondingSourceObject: {fileID: 0}
  m_PrefabInstance: {fileID: 0}
  m_PrefabAsset: {fileID: 0}
  m_GameObject: {fileID: 5071905412775175561}
  m_LocalRotation: {x: 0.013637767, y: 0.017164527, z: -0.7547945, w: 0.6555948}
  m_LocalPosition: {x: 1.4156104e-10, y: 0.0003572059, z: 0}
  m_LocalScale: {x: 1, y: 1.0000002, z: 1}
  m_Children:
  - {fileID: 5071905412775672231}
  m_Father: {fileID: 5071905412775672237}
  m_RootOrder: 0
  m_LocalEulerAnglesHint: {x: 0, y: 0, z: 0}
--- !u!1 &5071905412775175563
GameObject:
  m_ObjectHideFlags: 0
  m_CorrespondingSourceObject: {fileID: 0}
  m_PrefabInstance: {fileID: 0}
  m_PrefabAsset: {fileID: 0}
  serializedVersion: 6
  m_Component:
  - component: {fileID: 5071905412775672235}
  m_Layer: 0
  m_Name: pinky3.L
  m_TagString: Untagged
  m_Icon: {fileID: 0}
  m_NavMeshLayer: 0
  m_StaticEditorFlags: 0
  m_IsActive: 1
--- !u!4 &5071905412775672235
Transform:
  m_ObjectHideFlags: 0
  m_CorrespondingSourceObject: {fileID: 0}
  m_PrefabInstance: {fileID: 0}
  m_PrefabAsset: {fileID: 0}
  m_GameObject: {fileID: 5071905412775175563}
  m_LocalRotation: {x: 0.0068010595, y: -0.005036445, z: 0.2975692, w: 0.95466274}
  m_LocalPosition: {x: -1.7881394e-10, y: 0.00025126667, z: 2.6449562e-10}
  m_LocalScale: {x: 1.0000001, y: 0.9999999, z: 1.0000002}
  m_Children:
  - {fileID: 5071905412775672229}
  m_Father: {fileID: 5071905412775672239}
  m_RootOrder: 0
  m_LocalEulerAnglesHint: {x: 0, y: 0, z: 0}
--- !u!1 &5071905412775175565
GameObject:
  m_ObjectHideFlags: 0
  m_CorrespondingSourceObject: {fileID: 0}
  m_PrefabInstance: {fileID: 0}
  m_PrefabAsset: {fileID: 0}
  serializedVersion: 6
  m_Component:
  - component: {fileID: 5071905412775672237}
  m_Layer: 0
  m_Name: pinky1.R
  m_TagString: Untagged
  m_Icon: {fileID: 0}
  m_NavMeshLayer: 0
  m_StaticEditorFlags: 0
  m_IsActive: 1
--- !u!4 &5071905412775672237
Transform:
  m_ObjectHideFlags: 0
  m_CorrespondingSourceObject: {fileID: 0}
  m_PrefabInstance: {fileID: 0}
  m_PrefabAsset: {fileID: 0}
  m_GameObject: {fileID: 5071905412775175565}
  m_LocalRotation: {x: 0.04092337, y: -0.1017914, z: -0.636496, w: 0.7634374}
  m_LocalPosition: {x: 0.0000136442, y: 0.0020102474, z: -0.00055195595}
  m_LocalScale: {x: 1, y: 0.99999994, z: 0.99999994}
  m_Children:
  - {fileID: 5071905412775672233}
  m_Father: {fileID: 5071905412775672277}
  m_RootOrder: 3
  m_LocalEulerAnglesHint: {x: 0, y: 0, z: 0}
--- !u!1 &5071905412775175567
GameObject:
  m_ObjectHideFlags: 0
  m_CorrespondingSourceObject: {fileID: 0}
  m_PrefabInstance: {fileID: 0}
  m_PrefabAsset: {fileID: 0}
  serializedVersion: 6
  m_Component:
  - component: {fileID: 5071905412775672239}
  m_Layer: 0
  m_Name: pinky2.L
  m_TagString: Untagged
  m_Icon: {fileID: 0}
  m_NavMeshLayer: 0
  m_StaticEditorFlags: 0
  m_IsActive: 1
--- !u!4 &5071905412775672239
Transform:
  m_ObjectHideFlags: 0
  m_CorrespondingSourceObject: {fileID: 0}
  m_PrefabInstance: {fileID: 0}
  m_PrefabAsset: {fileID: 0}
  m_GameObject: {fileID: 5071905412775175567}
  m_LocalRotation: {x: 0.028552003, y: -0.001804508, z: 0.06268323, w: 0.9976234}
  m_LocalPosition: {x: 1.192093e-10, y: 0.0003572055, z: -4.8428775e-11}
  m_LocalScale: {x: 1, y: 1.0000001, z: 0.9999999}
  m_Children:
  - {fileID: 5071905412775672235}
  m_Father: {fileID: 5071905412775672243}
  m_RootOrder: 0
  m_LocalEulerAnglesHint: {x: 0, y: 0, z: 0}
--- !u!1 &5071905412775175569
GameObject:
  m_ObjectHideFlags: 0
  m_CorrespondingSourceObject: {fileID: 0}
  m_PrefabInstance: {fileID: 0}
  m_PrefabAsset: {fileID: 0}
  serializedVersion: 6
  m_Component:
  - component: {fileID: 5071905412775672241}
  m_Layer: 0
  m_Name: middle3.R_end
  m_TagString: Untagged
  m_Icon: {fileID: 0}
  m_NavMeshLayer: 0
  m_StaticEditorFlags: 0
  m_IsActive: 1
--- !u!4 &5071905412775672241
Transform:
  m_ObjectHideFlags: 0
  m_CorrespondingSourceObject: {fileID: 0}
  m_PrefabInstance: {fileID: 0}
  m_PrefabAsset: {fileID: 0}
  m_GameObject: {fileID: 5071905412775175569}
  m_LocalRotation: {x: 0, y: -0, z: -0, w: 1}
  m_LocalPosition: {x: -0, y: 0.00032199803, z: 0}
  m_LocalScale: {x: 1, y: 1, z: 1}
  m_Children: []
  m_Father: {fileID: 5071905412775672247}
  m_RootOrder: 0
  m_LocalEulerAnglesHint: {x: 0, y: 0, z: 0}
--- !u!1 &5071905412775175571
GameObject:
  m_ObjectHideFlags: 0
  m_CorrespondingSourceObject: {fileID: 0}
  m_PrefabInstance: {fileID: 0}
  m_PrefabAsset: {fileID: 0}
  serializedVersion: 6
  m_Component:
  - component: {fileID: 5071905412775672243}
  m_Layer: 0
  m_Name: pinky1.L
  m_TagString: Untagged
  m_Icon: {fileID: 0}
  m_NavMeshLayer: 0
  m_StaticEditorFlags: 0
  m_IsActive: 1
--- !u!4 &5071905412775672243
Transform:
  m_ObjectHideFlags: 0
  m_CorrespondingSourceObject: {fileID: 0}
  m_PrefabInstance: {fileID: 0}
  m_PrefabAsset: {fileID: 0}
  m_GameObject: {fileID: 5071905412775175571}
  m_LocalRotation: {x: -0.019475397, y: 0.041488353, z: 0.9145142, w: 0.40194932}
  m_LocalPosition: {x: -0.00006515104, y: 0.0020595929, z: -0.00054466206}
  m_LocalScale: {x: 1, y: 0.99999994, z: 0.99999994}
  m_Children:
  - {fileID: 5071905412775672239}
  m_Father: {fileID: 5071905412775672283}
  m_RootOrder: 3
  m_LocalEulerAnglesHint: {x: 0, y: 0, z: 0}
--- !u!1 &5071905412775175573
GameObject:
  m_ObjectHideFlags: 0
  m_CorrespondingSourceObject: {fileID: 0}
  m_PrefabInstance: {fileID: 0}
  m_PrefabAsset: {fileID: 0}
  serializedVersion: 6
  m_Component:
  - component: {fileID: 5071905412775672245}
  m_Layer: 0
  m_Name: middle3.L_end
  m_TagString: Untagged
  m_Icon: {fileID: 0}
  m_NavMeshLayer: 0
  m_StaticEditorFlags: 0
  m_IsActive: 1
--- !u!4 &5071905412775672245
Transform:
  m_ObjectHideFlags: 0
  m_CorrespondingSourceObject: {fileID: 0}
  m_PrefabInstance: {fileID: 0}
  m_PrefabAsset: {fileID: 0}
  m_GameObject: {fileID: 5071905412775175573}
  m_LocalRotation: {x: 0, y: -0, z: -0, w: 1}
  m_LocalPosition: {x: -0, y: 0.00032199803, z: 0}
  m_LocalScale: {x: 1, y: 1, z: 1}
  m_Children: []
  m_Father: {fileID: 5071905412775672251}
  m_RootOrder: 0
  m_LocalEulerAnglesHint: {x: 0, y: 0, z: 0}
--- !u!1 &5071905412775175575
GameObject:
  m_ObjectHideFlags: 0
  m_CorrespondingSourceObject: {fileID: 0}
  m_PrefabInstance: {fileID: 0}
  m_PrefabAsset: {fileID: 0}
  serializedVersion: 6
  m_Component:
  - component: {fileID: 5071905412775672247}
  m_Layer: 0
  m_Name: middle3.R
  m_TagString: Untagged
  m_Icon: {fileID: 0}
  m_NavMeshLayer: 0
  m_StaticEditorFlags: 0
  m_IsActive: 1
--- !u!4 &5071905412775672247
Transform:
  m_ObjectHideFlags: 0
  m_CorrespondingSourceObject: {fileID: 0}
  m_PrefabInstance: {fileID: 0}
  m_PrefabAsset: {fileID: 0}
  m_GameObject: {fileID: 5071905412775175575}
  m_LocalRotation: {x: 0.01847789, y: 0.0068840776, z: -0.1563342, w: 0.9875074}
  m_LocalPosition: {x: -1.192093e-10, y: 0.0003398386, z: -2.5331975e-10}
  m_LocalScale: {x: 0.99999994, y: 0.9999998, z: 1.0000001}
  m_Children:
  - {fileID: 5071905412775672241}
  m_Father: {fileID: 5071905412775672249}
  m_RootOrder: 0
  m_LocalEulerAnglesHint: {x: 0, y: 0, z: 0}
--- !u!1 &5071905412775175577
GameObject:
  m_ObjectHideFlags: 0
  m_CorrespondingSourceObject: {fileID: 0}
  m_PrefabInstance: {fileID: 0}
  m_PrefabAsset: {fileID: 0}
  serializedVersion: 6
  m_Component:
  - component: {fileID: 5071905412775672249}
  m_Layer: 0
  m_Name: middle2.R
  m_TagString: Untagged
  m_Icon: {fileID: 0}
  m_NavMeshLayer: 0
  m_StaticEditorFlags: 0
  m_IsActive: 1
--- !u!4 &5071905412775672249
Transform:
  m_ObjectHideFlags: 0
  m_CorrespondingSourceObject: {fileID: 0}
  m_PrefabInstance: {fileID: 0}
  m_PrefabAsset: {fileID: 0}
  m_GameObject: {fileID: 5071905412775175577}
  m_LocalRotation: {x: -0.0015926717, y: -0.0012487377, z: -0.70534927, w: 0.7088571}
  m_LocalPosition: {x: -4.4703484e-11, y: 0.00054384087, z: -4.4703484e-11}
  m_LocalScale: {x: 1, y: 1.0000001, z: 0.9999998}
  m_Children:
  - {fileID: 5071905412775672247}
  m_Father: {fileID: 5071905412775672253}
  m_RootOrder: 0
  m_LocalEulerAnglesHint: {x: 0, y: 0, z: 0}
--- !u!1 &5071905412775175579
GameObject:
  m_ObjectHideFlags: 0
  m_CorrespondingSourceObject: {fileID: 0}
  m_PrefabInstance: {fileID: 0}
  m_PrefabAsset: {fileID: 0}
  serializedVersion: 6
  m_Component:
  - component: {fileID: 5071905412775672251}
  m_Layer: 0
  m_Name: middle3.L
  m_TagString: Untagged
  m_Icon: {fileID: 0}
  m_NavMeshLayer: 0
  m_StaticEditorFlags: 0
  m_IsActive: 1
--- !u!4 &5071905412775672251
Transform:
  m_ObjectHideFlags: 0
  m_CorrespondingSourceObject: {fileID: 0}
  m_PrefabInstance: {fileID: 0}
  m_PrefabAsset: {fileID: 0}
  m_GameObject: {fileID: 5071905412775175579}
  m_LocalRotation: {x: 0.017825726, y: 0.036917824, z: 0.19341381, w: 0.98026043}
  m_LocalPosition: {x: 8.940697e-11, y: 0.00033983844, z: 2.9802324e-11}
  m_LocalScale: {x: 0.99999994, y: 0.9999999, z: 0.9999998}
  m_Children:
  - {fileID: 5071905412775672245}
  m_Father: {fileID: 5071905412775672255}
  m_RootOrder: 0
  m_LocalEulerAnglesHint: {x: 0, y: 0, z: 0}
--- !u!1 &5071905412775175581
GameObject:
  m_ObjectHideFlags: 0
  m_CorrespondingSourceObject: {fileID: 0}
  m_PrefabInstance: {fileID: 0}
  m_PrefabAsset: {fileID: 0}
  serializedVersion: 6
  m_Component:
  - component: {fileID: 5071905412775672253}
  m_Layer: 0
  m_Name: middle1.R
  m_TagString: Untagged
  m_Icon: {fileID: 0}
  m_NavMeshLayer: 0
  m_StaticEditorFlags: 0
  m_IsActive: 1
--- !u!4 &5071905412775672253
Transform:
  m_ObjectHideFlags: 0
  m_CorrespondingSourceObject: {fileID: 0}
  m_PrefabInstance: {fileID: 0}
  m_PrefabAsset: {fileID: 0}
  m_GameObject: {fileID: 5071905412775175581}
  m_LocalRotation: {x: 0.02527884, y: -0.026435623, z: -0.63053244, w: 0.77530056}
  m_LocalPosition: {x: 0.000009482546, y: 0.001979011, z: 0.000057239744}
  m_LocalScale: {x: 1, y: 1, z: 0.99999994}
  m_Children:
  - {fileID: 5071905412775672249}
  m_Father: {fileID: 5071905412775672277}
  m_RootOrder: 2
  m_LocalEulerAnglesHint: {x: 0, y: 0, z: 0}
--- !u!1 &5071905412775175583
GameObject:
  m_ObjectHideFlags: 0
  m_CorrespondingSourceObject: {fileID: 0}
  m_PrefabInstance: {fileID: 0}
  m_PrefabAsset: {fileID: 0}
  serializedVersion: 6
  m_Component:
  - component: {fileID: 5071905412775672255}
  m_Layer: 0
  m_Name: middle2.L
  m_TagString: Untagged
  m_Icon: {fileID: 0}
  m_NavMeshLayer: 0
  m_StaticEditorFlags: 0
  m_IsActive: 1
--- !u!4 &5071905412775672255
Transform:
  m_ObjectHideFlags: 0
  m_CorrespondingSourceObject: {fileID: 0}
  m_PrefabInstance: {fileID: 0}
  m_PrefabAsset: {fileID: 0}
  m_GameObject: {fileID: 5071905412775175583}
  m_LocalRotation: {x: 0.099791735, y: -0.0030178083, z: 0.71353006, w: 0.6934748}
  m_LocalPosition: {x: -5.960465e-11, y: 0.000543841, z: 5.960465e-11}
  m_LocalScale: {x: 1, y: 0.9999999, z: 1.0000001}
  m_Children:
  - {fileID: 5071905412775672251}
  m_Father: {fileID: 5071905412775672259}
  m_RootOrder: 0
  m_LocalEulerAnglesHint: {x: 0, y: 0, z: 0}
--- !u!1 &5071905412775175585
GameObject:
  m_ObjectHideFlags: 0
  m_CorrespondingSourceObject: {fileID: 0}
  m_PrefabInstance: {fileID: 0}
  m_PrefabAsset: {fileID: 0}
  serializedVersion: 6
  m_Component:
  - component: {fileID: 5071905412775672257}
  m_Layer: 0
  m_Name: index3.R_end
  m_TagString: Untagged
  m_Icon: {fileID: 0}
  m_NavMeshLayer: 0
  m_StaticEditorFlags: 0
  m_IsActive: 1
--- !u!4 &5071905412775672257
Transform:
  m_ObjectHideFlags: 0
  m_CorrespondingSourceObject: {fileID: 0}
  m_PrefabInstance: {fileID: 0}
  m_PrefabAsset: {fileID: 0}
  m_GameObject: {fileID: 5071905412775175585}
  m_LocalRotation: {x: 0, y: -0, z: -0, w: 1}
  m_LocalPosition: {x: -0, y: 0.00035722955, z: 0}
  m_LocalScale: {x: 1, y: 1, z: 1}
  m_Children: []
  m_Father: {fileID: 5071905412775672263}
  m_RootOrder: 0
  m_LocalEulerAnglesHint: {x: 0, y: 0, z: 0}
--- !u!1 &5071905412775175587
GameObject:
  m_ObjectHideFlags: 0
  m_CorrespondingSourceObject: {fileID: 0}
  m_PrefabInstance: {fileID: 0}
  m_PrefabAsset: {fileID: 0}
  serializedVersion: 6
  m_Component:
  - component: {fileID: 5071905412775672259}
  m_Layer: 0
  m_Name: middle1.L
  m_TagString: Untagged
  m_Icon: {fileID: 0}
  m_NavMeshLayer: 0
  m_StaticEditorFlags: 0
  m_IsActive: 1
--- !u!4 &5071905412775672259
Transform:
  m_ObjectHideFlags: 0
  m_CorrespondingSourceObject: {fileID: 0}
  m_PrefabInstance: {fileID: 0}
  m_PrefabAsset: {fileID: 0}
  m_GameObject: {fileID: 5071905412775175587}
  m_LocalRotation: {x: 0.08080052, y: 0.0069016796, z: 0.654323, w: 0.7518544}
  m_LocalPosition: {x: -0.000009483457, y: 0.0019930422, z: 0.000058822247}
  m_LocalScale: {x: 1, y: 1.0000001, z: 0.9999999}
  m_Children:
  - {fileID: 5071905412775672255}
  m_Father: {fileID: 5071905412775672283}
  m_RootOrder: 2
  m_LocalEulerAnglesHint: {x: 0, y: 0, z: 0}
--- !u!1 &5071905412775175589
GameObject:
  m_ObjectHideFlags: 0
  m_CorrespondingSourceObject: {fileID: 0}
  m_PrefabInstance: {fileID: 0}
  m_PrefabAsset: {fileID: 0}
  serializedVersion: 6
  m_Component:
  - component: {fileID: 5071905412775672261}
  m_Layer: 0
  m_Name: index3.L_end
  m_TagString: Untagged
  m_Icon: {fileID: 0}
  m_NavMeshLayer: 0
  m_StaticEditorFlags: 0
  m_IsActive: 1
--- !u!4 &5071905412775672261
Transform:
  m_ObjectHideFlags: 0
  m_CorrespondingSourceObject: {fileID: 0}
  m_PrefabInstance: {fileID: 0}
  m_PrefabAsset: {fileID: 0}
  m_GameObject: {fileID: 5071905412775175589}
  m_LocalRotation: {x: 0, y: -0, z: -0, w: 1}
  m_LocalPosition: {x: -0, y: 0.00035722955, z: 0}
  m_LocalScale: {x: 1, y: 1, z: 1}
  m_Children: []
  m_Father: {fileID: 5071905412775672267}
  m_RootOrder: 0
  m_LocalEulerAnglesHint: {x: 0, y: 0, z: 0}
--- !u!1 &5071905412775175591
GameObject:
  m_ObjectHideFlags: 0
  m_CorrespondingSourceObject: {fileID: 0}
  m_PrefabInstance: {fileID: 0}
  m_PrefabAsset: {fileID: 0}
  serializedVersion: 6
  m_Component:
  - component: {fileID: 5071905412775672263}
  m_Layer: 0
  m_Name: index3.R
  m_TagString: Untagged
  m_Icon: {fileID: 0}
  m_NavMeshLayer: 0
  m_StaticEditorFlags: 0
  m_IsActive: 1
--- !u!4 &5071905412775672263
Transform:
  m_ObjectHideFlags: 0
  m_CorrespondingSourceObject: {fileID: 0}
  m_PrefabInstance: {fileID: 0}
  m_PrefabAsset: {fileID: 0}
  m_GameObject: {fileID: 5071905412775175591}
  m_LocalRotation: {x: 0.008288622, y: -0.014619701, z: -0.09871213, w: 0.99497414}
  m_LocalPosition: {x: 1.7881394e-10, y: 0.00036592092, z: -2.9802324e-11}
  m_LocalScale: {x: 1.0000001, y: 1, z: 1.0000001}
  m_Children:
  - {fileID: 5071905412775672257}
  m_Father: {fileID: 5071905412775672265}
  m_RootOrder: 0
  m_LocalEulerAnglesHint: {x: 0, y: 0, z: 0}
--- !u!1 &5071905412775175593
GameObject:
  m_ObjectHideFlags: 0
  m_CorrespondingSourceObject: {fileID: 0}
  m_PrefabInstance: {fileID: 0}
  m_PrefabAsset: {fileID: 0}
  serializedVersion: 6
  m_Component:
  - component: {fileID: 5071905412775672265}
  m_Layer: 0
  m_Name: index2.R
  m_TagString: Untagged
  m_Icon: {fileID: 0}
  m_NavMeshLayer: 0
  m_StaticEditorFlags: 0
  m_IsActive: 1
--- !u!4 &5071905412775672265
Transform:
  m_ObjectHideFlags: 0
  m_CorrespondingSourceObject: {fileID: 0}
  m_PrefabInstance: {fileID: 0}
  m_PrefabAsset: {fileID: 0}
  m_GameObject: {fileID: 5071905412775175593}
  m_LocalRotation: {x: -0.003590909, y: -0.0044129337, z: -0.7360532, w: 0.6768998}
  m_LocalPosition: {x: 8.195639e-10, y: 0.00048246796, z: -4.4703484e-11}
  m_LocalScale: {x: 1.0000001, y: 1, z: 1}
  m_Children:
  - {fileID: 5071905412775672263}
  m_Father: {fileID: 5071905412775672269}
  m_RootOrder: 0
  m_LocalEulerAnglesHint: {x: 0, y: 0, z: 0}
--- !u!1 &5071905412775175595
GameObject:
  m_ObjectHideFlags: 0
  m_CorrespondingSourceObject: {fileID: 0}
  m_PrefabInstance: {fileID: 0}
  m_PrefabAsset: {fileID: 0}
  serializedVersion: 6
  m_Component:
  - component: {fileID: 5071905412775672267}
  m_Layer: 0
  m_Name: index3.L
  m_TagString: Untagged
  m_Icon: {fileID: 0}
  m_NavMeshLayer: 0
  m_StaticEditorFlags: 0
  m_IsActive: 1
--- !u!4 &5071905412775672267
Transform:
  m_ObjectHideFlags: 0
  m_CorrespondingSourceObject: {fileID: 0}
  m_PrefabInstance: {fileID: 0}
  m_PrefabAsset: {fileID: 0}
  m_GameObject: {fileID: 5071905412775175595}
  m_LocalRotation: {x: -0.057928115, y: -0.015150237, z: 0.3797485, w: 0.92315}
  m_LocalPosition: {x: -3.2782557e-10, y: 0.00036591978, z: 1.1175871e-10}
  m_LocalScale: {x: 1.0000001, y: 1.0000001, z: 1}
  m_Children:
  - {fileID: 5071905412775672261}
  m_Father: {fileID: 5071905412775672271}
  m_RootOrder: 0
  m_LocalEulerAnglesHint: {x: 0, y: 0, z: 0}
--- !u!1 &5071905412775175597
GameObject:
  m_ObjectHideFlags: 0
  m_CorrespondingSourceObject: {fileID: 0}
  m_PrefabInstance: {fileID: 0}
  m_PrefabAsset: {fileID: 0}
  serializedVersion: 6
  m_Component:
  - component: {fileID: 5071905412775672269}
  m_Layer: 0
  m_Name: index1.R
  m_TagString: Untagged
  m_Icon: {fileID: 0}
  m_NavMeshLayer: 0
  m_StaticEditorFlags: 0
  m_IsActive: 1
--- !u!4 &5071905412775672269
Transform:
  m_ObjectHideFlags: 0
  m_CorrespondingSourceObject: {fileID: 0}
  m_PrefabInstance: {fileID: 0}
  m_PrefabAsset: {fileID: 0}
  m_GameObject: {fileID: 5071905412775175597}
  m_LocalRotation: {x: -0.011243115, y: 0.020126728, z: -0.6289905, w: 0.7770712}
  m_LocalPosition: {x: -0.0000028920865, y: 0.002034897, z: 0.000367971}
  m_LocalScale: {x: 0.99999994, y: 1, z: 0.99999994}
  m_Children:
  - {fileID: 5071905412775672265}
  m_Father: {fileID: 5071905412775672277}
  m_RootOrder: 1
  m_LocalEulerAnglesHint: {x: 0, y: 0, z: 0}
--- !u!1 &5071905412775175599
GameObject:
  m_ObjectHideFlags: 0
  m_CorrespondingSourceObject: {fileID: 0}
  m_PrefabInstance: {fileID: 0}
  m_PrefabAsset: {fileID: 0}
  serializedVersion: 6
  m_Component:
  - component: {fileID: 5071905412775672271}
  m_Layer: 0
  m_Name: index2.L
  m_TagString: Untagged
  m_Icon: {fileID: 0}
  m_NavMeshLayer: 0
  m_StaticEditorFlags: 0
  m_IsActive: 1
--- !u!4 &5071905412775672271
Transform:
  m_ObjectHideFlags: 0
  m_CorrespondingSourceObject: {fileID: 0}
  m_PrefabInstance: {fileID: 0}
  m_PrefabAsset: {fileID: 0}
  m_GameObject: {fileID: 5071905412775175599}
  m_LocalRotation: {x: 0.06564671, y: 0.028286291, z: 0.65027326, w: 0.75633}
  m_LocalPosition: {x: 3.6507847e-10, y: 0.0004824679, z: 5.960465e-11}
  m_LocalScale: {x: 1, y: 0.99999994, z: 0.99999994}
  m_Children:
  - {fileID: 5071905412775672267}
  m_Father: {fileID: 5071905412775672275}
  m_RootOrder: 0
  m_LocalEulerAnglesHint: {x: 0, y: 0, z: 0}
--- !u!1 &5071905412775175601
GameObject:
  m_ObjectHideFlags: 0
  m_CorrespondingSourceObject: {fileID: 0}
  m_PrefabInstance: {fileID: 0}
  m_PrefabAsset: {fileID: 0}
  serializedVersion: 6
  m_Component:
  - component: {fileID: 5071905412775672273}
  m_Layer: 0
  m_Name: handik.R
  m_TagString: Untagged
  m_Icon: {fileID: 0}
  m_NavMeshLayer: 0
  m_StaticEditorFlags: 0
  m_IsActive: 1
--- !u!4 &5071905412775672273
Transform:
  m_ObjectHideFlags: 0
  m_CorrespondingSourceObject: {fileID: 0}
  m_PrefabInstance: {fileID: 0}
  m_PrefabAsset: {fileID: 0}
  m_GameObject: {fileID: 5071905412775175601}
  m_LocalRotation: {x: -0.34388956, y: 0.36344314, z: -0.63366836, w: 0.5900114}
  m_LocalPosition: {x: 0.002137745, y: -0.0029443337, z: -0.0011346439}
  m_LocalScale: {x: 1, y: 1, z: 1}
  m_Children:
  - {fileID: 5071905412775672277}
  m_Father: {fileID: 5071905412775672317}
  m_RootOrder: 4
  m_LocalEulerAnglesHint: {x: 0, y: 0, z: 0}
--- !u!1 &5071905412775175603
GameObject:
  m_ObjectHideFlags: 0
  m_CorrespondingSourceObject: {fileID: 0}
  m_PrefabInstance: {fileID: 0}
  m_PrefabAsset: {fileID: 0}
  serializedVersion: 6
  m_Component:
  - component: {fileID: 5071905412775672275}
  m_Layer: 0
  m_Name: index1.L
  m_TagString: Untagged
  m_Icon: {fileID: 0}
  m_NavMeshLayer: 0
  m_StaticEditorFlags: 0
  m_IsActive: 1
--- !u!4 &5071905412775672275
Transform:
  m_ObjectHideFlags: 0
  m_CorrespondingSourceObject: {fileID: 0}
  m_PrefabInstance: {fileID: 0}
  m_PrefabAsset: {fileID: 0}
  m_GameObject: {fileID: 5071905412775175603}
  m_LocalRotation: {x: 0.10607893, y: 0.020368584, z: 0.5385622, w: 0.8356334}
  m_LocalPosition: {x: 0.000088664, y: 0.0019120009, z: 0.00034999585}
  m_LocalScale: {x: 1, y: 1.0000001, z: 0.99999994}
  m_Children:
  - {fileID: 5071905412775672271}
  m_Father: {fileID: 5071905412775672283}
  m_RootOrder: 1
  m_LocalEulerAnglesHint: {x: 0, y: 0, z: 0}
--- !u!1 &5071905412775175605
GameObject:
  m_ObjectHideFlags: 0
  m_CorrespondingSourceObject: {fileID: 0}
  m_PrefabInstance: {fileID: 0}
  m_PrefabAsset: {fileID: 0}
  serializedVersion: 6
  m_Component:
  - component: {fileID: 5071905412775672277}
  m_Layer: 0
  m_Name: hand.R
  m_TagString: Untagged
  m_Icon: {fileID: 0}
  m_NavMeshLayer: 0
  m_StaticEditorFlags: 0
  m_IsActive: 1
--- !u!4 &5071905412775672277
Transform:
  m_ObjectHideFlags: 0
  m_CorrespondingSourceObject: {fileID: 0}
  m_PrefabInstance: {fileID: 0}
  m_PrefabAsset: {fileID: 0}
  m_GameObject: {fileID: 5071905412775175605}
  m_LocalRotation: {x: -0.0000000021750755, y: -0.00000001548735, z: -0.6913158, w: 0.7225528}
  m_LocalPosition: {x: 0.000000054949897, y: 0.000000022374095, z: 0.0000000026226046}
  m_LocalScale: {x: 0.9999998, y: 0.9999999, z: 0.99999994}
  m_Children:
  - {fileID: 5071905412775672315}
  - {fileID: 5071905412775672269}
  - {fileID: 5071905412775672253}
  - {fileID: 5071905412775672237}
  - {fileID: 5071905412775672221}
  - {fileID: 5071905412775672207}
  m_Father: {fileID: 5071905412775672273}
  m_RootOrder: 0
  m_LocalEulerAnglesHint: {x: 0, y: 0, z: 0}
--- !u!1 &5071905412775175607
GameObject:
  m_ObjectHideFlags: 0
  m_CorrespondingSourceObject: {fileID: 0}
  m_PrefabInstance: {fileID: 0}
  m_PrefabAsset: {fileID: 0}
  serializedVersion: 6
  m_Component:
  - component: {fileID: 5071905412775672279}
  m_Layer: 0
  m_Name: handik.L
  m_TagString: Untagged
  m_Icon: {fileID: 0}
  m_NavMeshLayer: 0
  m_StaticEditorFlags: 0
  m_IsActive: 1
--- !u!4 &5071905412775672279
Transform:
  m_ObjectHideFlags: 0
  m_CorrespondingSourceObject: {fileID: 0}
  m_PrefabInstance: {fileID: 0}
  m_PrefabAsset: {fileID: 0}
  m_GameObject: {fileID: 5071905412775175607}
  m_LocalRotation: {x: 0.35415748, y: 0.23013797, z: 0.80222565, w: 0.42195132}
  m_LocalPosition: {x: 0.00061521534, y: -0.005015745, z: -0.00075616065}
  m_LocalScale: {x: 0.99999994, y: 1, z: 1}
  m_Children:
  - {fileID: 5071905412775672283}
  m_Father: {fileID: 5071905412775672317}
  m_RootOrder: 3
  m_LocalEulerAnglesHint: {x: 0, y: 0, z: 0}
--- !u!1 &5071905412775175609
GameObject:
  m_ObjectHideFlags: 0
  m_CorrespondingSourceObject: {fileID: 0}
  m_PrefabInstance: {fileID: 0}
  m_PrefabAsset: {fileID: 0}
  serializedVersion: 6
  m_Component:
  - component: {fileID: 5071905412775672281}
  m_Layer: 0
  m_Name: foreamr.R_end
  m_TagString: Untagged
  m_Icon: {fileID: 0}
  m_NavMeshLayer: 0
  m_StaticEditorFlags: 0
  m_IsActive: 1
--- !u!4 &5071905412775672281
Transform:
  m_ObjectHideFlags: 0
  m_CorrespondingSourceObject: {fileID: 0}
  m_PrefabInstance: {fileID: 0}
  m_PrefabAsset: {fileID: 0}
  m_GameObject: {fileID: 5071905412775175609}
  m_LocalRotation: {x: 0, y: -0, z: -0, w: 1}
  m_LocalPosition: {x: -0, y: 0.002326316, z: 0}
  m_LocalScale: {x: 1, y: 1, z: 1}
  m_Children: []
  m_Father: {fileID: 5071905412775672287}
  m_RootOrder: 0
  m_LocalEulerAnglesHint: {x: 0, y: 0, z: 0}
--- !u!1 &5071905412775175611
GameObject:
  m_ObjectHideFlags: 0
  m_CorrespondingSourceObject: {fileID: 0}
  m_PrefabInstance: {fileID: 0}
  m_PrefabAsset: {fileID: 0}
  serializedVersion: 6
  m_Component:
  - component: {fileID: 5071905412775672283}
  m_Layer: 0
  m_Name: hand.L
  m_TagString: Untagged
  m_Icon: {fileID: 0}
  m_NavMeshLayer: 0
  m_StaticEditorFlags: 0
  m_IsActive: 1
--- !u!4 &5071905412775672283
Transform:
  m_ObjectHideFlags: 0
  m_CorrespondingSourceObject: {fileID: 0}
  m_PrefabInstance: {fileID: 0}
  m_PrefabAsset: {fileID: 0}
  m_GameObject: {fileID: 5071905412775175611}
  m_LocalRotation: {x: 0.000000020622942, y: 0.000000012889341, z: 0.6913159, w: 0.72255266}
  m_LocalPosition: {x: -5.066395e-10, y: 5.3644184e-10, z: 2.9802324e-10}
  m_LocalScale: {x: 0.99999994, y: 0.9999998, z: 0.9999999}
  m_Children:
  - {fileID: 5071905412775672319}
  - {fileID: 5071905412775672275}
  - {fileID: 5071905412775672259}
  - {fileID: 5071905412775672243}
  - {fileID: 5071905412775672227}
  - {fileID: 5071905412775672205}
  m_Father: {fileID: 5071905412775672279}
  m_RootOrder: 0
  m_LocalEulerAnglesHint: {x: 0, y: 0, z: 0}
--- !u!1 &5071905412775175613
GameObject:
  m_ObjectHideFlags: 0
  m_CorrespondingSourceObject: {fileID: 0}
  m_PrefabInstance: {fileID: 0}
  m_PrefabAsset: {fileID: 0}
  serializedVersion: 6
  m_Component:
  - component: {fileID: 5071905412775672285}
  m_Layer: 0
  m_Name: foreamr.L_end
  m_TagString: Untagged
  m_Icon: {fileID: 0}
  m_NavMeshLayer: 0
  m_StaticEditorFlags: 0
  m_IsActive: 1
--- !u!4 &5071905412775672285
Transform:
  m_ObjectHideFlags: 0
  m_CorrespondingSourceObject: {fileID: 0}
  m_PrefabInstance: {fileID: 0}
  m_PrefabAsset: {fileID: 0}
  m_GameObject: {fileID: 5071905412775175613}
  m_LocalRotation: {x: 0, y: -0, z: -0, w: 1}
  m_LocalPosition: {x: -0, y: 0.002326316, z: 0}
  m_LocalScale: {x: 1, y: 1, z: 1}
  m_Children: []
  m_Father: {fileID: 5071905412775672291}
  m_RootOrder: 0
  m_LocalEulerAnglesHint: {x: 0, y: 0, z: 0}
--- !u!1 &5071905412775175615
GameObject:
  m_ObjectHideFlags: 0
  m_CorrespondingSourceObject: {fileID: 0}
  m_PrefabInstance: {fileID: 0}
  m_PrefabAsset: {fileID: 0}
  serializedVersion: 6
  m_Component:
  - component: {fileID: 5071905412775672287}
  m_Layer: 0
  m_Name: foreamr.R
  m_TagString: Untagged
  m_Icon: {fileID: 0}
  m_NavMeshLayer: 0
  m_StaticEditorFlags: 0
  m_IsActive: 1
--- !u!4 &5071905412775672287
Transform:
  m_ObjectHideFlags: 0
  m_CorrespondingSourceObject: {fileID: 0}
  m_PrefabInstance: {fileID: 0}
  m_PrefabAsset: {fileID: 0}
  m_GameObject: {fileID: 5071905412775175615}
  m_LocalRotation: {x: -0.53142166, y: 0.846748, z: 0.024663465, w: -0.0007086761}
  m_LocalPosition: {x: -2.384186e-10, y: 0.0040695155, z: -1.4156104e-10}
  m_LocalScale: {x: 1, y: 0.9999993, z: 0.9999998}
  m_Children:
  - {fileID: 5071905412775672281}
  m_Father: {fileID: 5071905412775671935}
  m_RootOrder: 0
  m_LocalEulerAnglesHint: {x: 0, y: 0, z: 0}
--- !u!1 &5071905412775175617
GameObject:
  m_ObjectHideFlags: 0
  m_CorrespondingSourceObject: {fileID: 0}
  m_PrefabInstance: {fileID: 0}
  m_PrefabAsset: {fileID: 0}
  serializedVersion: 6
  m_Component:
  - component: {fileID: 5071905412775672289}
  m_Layer: 0
  m_Name: Elbowik.R_end
  m_TagString: Untagged
  m_Icon: {fileID: 0}
  m_NavMeshLayer: 0
  m_StaticEditorFlags: 0
  m_IsActive: 1
--- !u!4 &5071905412775672289
Transform:
  m_ObjectHideFlags: 0
  m_CorrespondingSourceObject: {fileID: 0}
  m_PrefabInstance: {fileID: 0}
  m_PrefabAsset: {fileID: 0}
  m_GameObject: {fileID: 5071905412775175617}
  m_LocalRotation: {x: 0, y: -0, z: -0, w: 1}
  m_LocalPosition: {x: -0, y: 0.00085648976, z: 0}
  m_LocalScale: {x: 1, y: 1, z: 1}
  m_Children: []
  m_Father: {fileID: 5071905412775672295}
  m_RootOrder: 0
  m_LocalEulerAnglesHint: {x: 0, y: 0, z: 0}
--- !u!1 &5071905412775175619
GameObject:
  m_ObjectHideFlags: 0
  m_CorrespondingSourceObject: {fileID: 0}
  m_PrefabInstance: {fileID: 0}
  m_PrefabAsset: {fileID: 0}
  serializedVersion: 6
  m_Component:
  - component: {fileID: 5071905412775672291}
  m_Layer: 0
  m_Name: foreamr.L
  m_TagString: Untagged
  m_Icon: {fileID: 0}
  m_NavMeshLayer: 0
  m_StaticEditorFlags: 0
  m_IsActive: 1
--- !u!4 &5071905412775672291
Transform:
  m_ObjectHideFlags: 0
  m_CorrespondingSourceObject: {fileID: 0}
  m_PrefabInstance: {fileID: 0}
  m_PrefabAsset: {fileID: 0}
  m_GameObject: {fileID: 5071905412775175619}
  m_LocalRotation: {x: 0.18561932, y: 0.98258364, z: 0.0086146435, w: 0.0008224092}
  m_LocalPosition: {x: 2.2165478e-10, y: 0.0040695146, z: -2.2351742e-11}
  m_LocalScale: {x: 0.99999994, y: 0.99999976, z: 0.9999997}
  m_Children:
  - {fileID: 5071905412775672285}
  m_Father: {fileID: 5071905412775671933}
  m_RootOrder: 0
  m_LocalEulerAnglesHint: {x: 0, y: 0, z: 0}
--- !u!1 &5071905412775175621
GameObject:
  m_ObjectHideFlags: 0
  m_CorrespondingSourceObject: {fileID: 0}
  m_PrefabInstance: {fileID: 0}
  m_PrefabAsset: {fileID: 0}
  serializedVersion: 6
  m_Component:
  - component: {fileID: 5071905412775672293}
  m_Layer: 0
  m_Name: Elbowik.L_end
  m_TagString: Untagged
  m_Icon: {fileID: 0}
  m_NavMeshLayer: 0
  m_StaticEditorFlags: 0
  m_IsActive: 1
--- !u!4 &5071905412775672293
Transform:
  m_ObjectHideFlags: 0
  m_CorrespondingSourceObject: {fileID: 0}
  m_PrefabInstance: {fileID: 0}
  m_PrefabAsset: {fileID: 0}
  m_GameObject: {fileID: 5071905412775175621}
  m_LocalRotation: {x: 0, y: -0, z: -0, w: 1}
  m_LocalPosition: {x: -0, y: 0.00085648976, z: 0}
  m_LocalScale: {x: 1, y: 1, z: 1}
  m_Children: []
  m_Father: {fileID: 5071905412775672299}
  m_RootOrder: 0
  m_LocalEulerAnglesHint: {x: 0, y: 0, z: 0}
--- !u!1 &5071905412775175623
GameObject:
  m_ObjectHideFlags: 0
  m_CorrespondingSourceObject: {fileID: 0}
  m_PrefabInstance: {fileID: 0}
  m_PrefabAsset: {fileID: 0}
  serializedVersion: 6
  m_Component:
  - component: {fileID: 5071905412775672295}
  m_Layer: 0
  m_Name: Elbowik.R
  m_TagString: Untagged
  m_Icon: {fileID: 0}
  m_NavMeshLayer: 0
  m_StaticEditorFlags: 0
  m_IsActive: 1
--- !u!4 &5071905412775672295
Transform:
  m_ObjectHideFlags: 0
  m_CorrespondingSourceObject: {fileID: 0}
  m_PrefabInstance: {fileID: 0}
  m_PrefabAsset: {fileID: 0}
  m_GameObject: {fileID: 5071905412775175623}
  m_LocalRotation: {x: 0, y: -0, z: -0.7017708, w: 0.7124028}
  m_LocalPosition: {x: 0.004881921, y: -0.00091027765, z: -0.0030688124}
  m_LocalScale: {x: 1, y: 1, z: 1}
  m_Children:
  - {fileID: 5071905412775672289}
  m_Father: {fileID: 5071905412775672317}
  m_RootOrder: 2
  m_LocalEulerAnglesHint: {x: 0, y: 0, z: 0}
--- !u!1 &5071905412775175625
GameObject:
  m_ObjectHideFlags: 0
  m_CorrespondingSourceObject: {fileID: 0}
  m_PrefabInstance: {fileID: 0}
  m_PrefabAsset: {fileID: 0}
  serializedVersion: 6
  m_Component:
  - component: {fileID: 5071905412775672297}
  m_Layer: 0
  m_Name: chest_target
  m_TagString: Untagged
  m_Icon: {fileID: 0}
  m_NavMeshLayer: 0
  m_StaticEditorFlags: 0
  m_IsActive: 1
--- !u!4 &5071905412775672297
Transform:
  m_ObjectHideFlags: 0
  m_CorrespondingSourceObject: {fileID: 0}
  m_PrefabInstance: {fileID: 0}
  m_PrefabAsset: {fileID: 0}
  m_GameObject: {fileID: 5071905412775175625}
  m_LocalRotation: {x: 0, y: -0, z: -0, w: 1}
  m_LocalPosition: {x: -0, y: 0.0009866037, z: 0}
  m_LocalScale: {x: 1, y: 1, z: 1}
  m_Children:
  - {fileID: 5071905412775672301}
  - {fileID: 5071905412775672303}
  m_Father: {fileID: 5071905412775672317}
  m_RootOrder: 0
  m_LocalEulerAnglesHint: {x: 0, y: 0, z: 0}
--- !u!1 &5071905412775175627
GameObject:
  m_ObjectHideFlags: 0
  m_CorrespondingSourceObject: {fileID: 0}
  m_PrefabInstance: {fileID: 0}
  m_PrefabAsset: {fileID: 0}
  serializedVersion: 6
  m_Component:
  - component: {fileID: 5071905412775672299}
  m_Layer: 0
  m_Name: Elbowik.L
  m_TagString: Untagged
  m_Icon: {fileID: 0}
  m_NavMeshLayer: 0
  m_StaticEditorFlags: 0
  m_IsActive: 1
--- !u!4 &5071905412775672299
Transform:
  m_ObjectHideFlags: 0
  m_CorrespondingSourceObject: {fileID: 0}
  m_PrefabInstance: {fileID: 0}
  m_PrefabAsset: {fileID: 0}
  m_GameObject: {fileID: 5071905412775175627}
  m_LocalRotation: {x: 0, y: 0, z: 0.7017708, w: 0.7124028}
  m_LocalPosition: {x: -0.0031167169, y: -0.0049485466, z: -0.00037814066}
  m_LocalScale: {x: 1, y: 1, z: 1}
  m_Children:
  - {fileID: 5071905412775672293}
  m_Father: {fileID: 5071905412775672317}
  m_RootOrder: 1
  m_LocalEulerAnglesHint: {x: 0, y: 0, z: 0}
--- !u!1 &5071905412775175629
GameObject:
  m_ObjectHideFlags: 0
  m_CorrespondingSourceObject: {fileID: 0}
  m_PrefabInstance: {fileID: 0}
  m_PrefabAsset: {fileID: 0}
  serializedVersion: 6
  m_Component:
  - component: {fileID: 5071905412775672301}
  m_Layer: 0
  m_Name: chest.L
  m_TagString: Untagged
  m_Icon: {fileID: 0}
  m_NavMeshLayer: 0
  m_StaticEditorFlags: 0
  m_IsActive: 1
--- !u!4 &5071905412775672301
Transform:
  m_ObjectHideFlags: 0
  m_CorrespondingSourceObject: {fileID: 0}
  m_PrefabInstance: {fileID: 0}
  m_PrefabAsset: {fileID: 0}
  m_GameObject: {fileID: 5071905412775175629}
  m_LocalRotation: {x: 0.024412628, y: 0.018856209, z: 0.70737135, w: 0.7061687}
  m_LocalPosition: {x: -0, y: -0.0009866038, z: 0}
  m_LocalScale: {x: 0.99999994, y: 0.99999994, z: 1}
  m_Children:
  - {fileID: 5071905412775671933}
  m_Father: {fileID: 5071905412775672297}
  m_RootOrder: 0
  m_LocalEulerAnglesHint: {x: 0, y: 0, z: 0}
--- !u!1 &5071905412775175631
GameObject:
  m_ObjectHideFlags: 0
  m_CorrespondingSourceObject: {fileID: 0}
  m_PrefabInstance: {fileID: 0}
  m_PrefabAsset: {fileID: 0}
  serializedVersion: 6
  m_Component:
  - component: {fileID: 5071905412775672303}
  m_Layer: 0
  m_Name: chest.R
  m_TagString: Untagged
  m_Icon: {fileID: 0}
  m_NavMeshLayer: 0
  m_StaticEditorFlags: 0
  m_IsActive: 1
--- !u!4 &5071905412775672303
Transform:
  m_ObjectHideFlags: 0
  m_CorrespondingSourceObject: {fileID: 0}
  m_PrefabInstance: {fileID: 0}
  m_PrefabAsset: {fileID: 0}
  m_GameObject: {fileID: 5071905412775175631}
  m_LocalRotation: {x: 0, y: -0, z: -0.32317123, w: 0.94634056}
  m_LocalPosition: {x: -0, y: -0.0009866038, z: 0}
  m_LocalScale: {x: 0.99999994, y: 0.99999994, z: 1}
  m_Children:
  - {fileID: 5071905412775671935}
  m_Father: {fileID: 5071905412775672297}
  m_RootOrder: 1
  m_LocalEulerAnglesHint: {x: 0, y: 0, z: 0}
--- !u!1 &5071905412775175633
GameObject:
  m_ObjectHideFlags: 0
  m_CorrespondingSourceObject: {fileID: 0}
  m_PrefabInstance: {fileID: 0}
  m_PrefabAsset: {fileID: 0}
  serializedVersion: 6
  m_Component:
  - component: {fileID: 5071905412775672305}
  m_Layer: 0
  m_Name: Bone.001_end
  m_TagString: Untagged
  m_Icon: {fileID: 0}
  m_NavMeshLayer: 0
  m_StaticEditorFlags: 0
  m_IsActive: 1
--- !u!4 &5071905412775672305
Transform:
  m_ObjectHideFlags: 0
  m_CorrespondingSourceObject: {fileID: 0}
  m_PrefabInstance: {fileID: 0}
  m_PrefabAsset: {fileID: 0}
  m_GameObject: {fileID: 5071905412775175633}
  m_LocalRotation: {x: 0, y: -0, z: -0, w: 1}
  m_LocalPosition: {x: -0, y: 0.0008377934, z: 0}
  m_LocalScale: {x: 1, y: 1, z: 1}
  m_Children: []
  m_Father: {fileID: 5071905412775672311}
  m_RootOrder: 0
  m_LocalEulerAnglesHint: {x: 0, y: 0, z: 0}
--- !u!1 &5071905412775175637
GameObject:
  m_ObjectHideFlags: 0
  m_CorrespondingSourceObject: {fileID: 0}
  m_PrefabInstance: {fileID: 0}
  m_PrefabAsset: {fileID: 0}
  serializedVersion: 6
  m_Component:
  - component: {fileID: 5071905412775672309}
  m_Layer: 0
  m_Name: Bone
  m_TagString: Untagged
  m_Icon: {fileID: 0}
  m_NavMeshLayer: 0
  m_StaticEditorFlags: 0
  m_IsActive: 1
--- !u!4 &5071905412775672309
Transform:
  m_ObjectHideFlags: 0
  m_CorrespondingSourceObject: {fileID: 0}
  m_PrefabInstance: {fileID: 0}
  m_PrefabAsset: {fileID: 0}
  m_GameObject: {fileID: 5071905412775175637}
  m_LocalRotation: {x: 0.7071068, y: 0, z: -0, w: 0.7071067}
  m_LocalPosition: {x: -5.3938074e-12, y: -5.3938074e-12, z: 0.00012339592}
  m_LocalScale: {x: 1, y: 1, z: 1}
  m_Children:
  - {fileID: 5071905412775672311}
  m_Father: {fileID: 5071905412775672319}
  m_RootOrder: 0
  m_LocalEulerAnglesHint: {x: 0, y: 0, z: 0}
--- !u!1 &5071905412775175639
GameObject:
  m_ObjectHideFlags: 0
  m_CorrespondingSourceObject: {fileID: 0}
  m_PrefabInstance: {fileID: 0}
  m_PrefabAsset: {fileID: 0}
  serializedVersion: 6
  m_Component:
  - component: {fileID: 5071905412775672311}
  m_Layer: 0
  m_Name: Bone.001
  m_TagString: Untagged
  m_Icon: {fileID: 0}
  m_NavMeshLayer: 0
  m_StaticEditorFlags: 0
  m_IsActive: 1
--- !u!4 &5071905412775672311
Transform:
  m_ObjectHideFlags: 0
  m_CorrespondingSourceObject: {fileID: 0}
  m_PrefabInstance: {fileID: 0}
  m_PrefabAsset: {fileID: 0}
  m_GameObject: {fileID: 5071905412775175639}
  m_LocalRotation: {x: 1, y: 0.000000040978197, z: 0.00000008195639, w: -0.0000000754979}
  m_LocalPosition: {x: 5.3938074e-12, y: -0.0016041475, z: 1.13815485e-10}
  m_LocalScale: {x: 1.0000001, y: 0.9999999, z: 0.9999999}
  m_Children:
  - {fileID: 5071905412775672305}
  m_Father: {fileID: 5071905412775672309}
  m_RootOrder: 0
  m_LocalEulerAnglesHint: {x: 0, y: 0, z: 0}
--- !u!1 &5071905412775175641
GameObject:
  m_ObjectHideFlags: 0
  m_CorrespondingSourceObject: {fileID: 0}
  m_PrefabInstance: {fileID: 0}
  m_PrefabAsset: {fileID: 0}
  serializedVersion: 6
  m_Component:
  - component: {fileID: 5071905412775672313}
  - component: {fileID: 5071905412761577693}
  m_Layer: 0
  m_Name: arms
  m_TagString: Untagged
  m_Icon: {fileID: 0}
  m_NavMeshLayer: 0
  m_StaticEditorFlags: 0
  m_IsActive: 1
--- !u!4 &5071905412775672313
Transform:
  m_ObjectHideFlags: 0
  m_CorrespondingSourceObject: {fileID: 0}
  m_PrefabInstance: {fileID: 0}
  m_PrefabAsset: {fileID: 0}
  m_GameObject: {fileID: 5071905412775175641}
  m_LocalRotation: {x: -0.70636183, y: -0.03245007, z: 0.032450058, w: 0.7063618}
  m_LocalPosition: {x: -0, y: 0, z: 0}
  m_LocalScale: {x: 100, y: 100, z: 100}
  m_Children: []
  m_Father: {fileID: 5071905412775671929}
  m_RootOrder: 1
  m_LocalEulerAnglesHint: {x: 0, y: 0, z: 0}
--- !u!137 &5071905412761577693
SkinnedMeshRenderer:
  m_ObjectHideFlags: 0
  m_CorrespondingSourceObject: {fileID: 0}
  m_PrefabInstance: {fileID: 0}
  m_PrefabAsset: {fileID: 0}
  m_GameObject: {fileID: 5071905412775175641}
  m_Enabled: 1
  m_CastShadows: 1
  m_ReceiveShadows: 1
  m_DynamicOccludee: 1
  m_MotionVectors: 1
  m_LightProbeUsage: 1
  m_ReflectionProbeUsage: 1
  m_RenderingLayerMask: 1
  m_RendererPriority: 0
  m_Materials:
  - {fileID: 2100002, guid: bc0806db4a2e5684ea2caab898fae358, type: 3}
  m_StaticBatchInfo:
    firstSubMesh: 0
    subMeshCount: 0
  m_StaticBatchRoot: {fileID: 0}
  m_ProbeAnchor: {fileID: 0}
  m_LightProbeVolumeOverride: {fileID: 0}
  m_ScaleInLightmap: 1
  m_PreserveUVs: 0
  m_IgnoreNormalsForChartDetection: 0
  m_ImportantGI: 0
  m_StitchLightmapSeams: 0
  m_SelectedEditorRenderState: 3
  m_MinimumChartSize: 4
  m_AutoUVMaxDistance: 0.5
  m_AutoUVMaxAngle: 89
  m_LightmapParameters: {fileID: 0}
  m_SortingLayerID: 0
  m_SortingLayer: 0
  m_SortingOrder: 0
  serializedVersion: 2
  m_Quality: 0
  m_UpdateWhenOffscreen: 0
  m_SkinnedMotionVectors: 1
  m_Mesh: {fileID: 4300002, guid: bc0806db4a2e5684ea2caab898fae358, type: 3}
  m_Bones:
  - {fileID: 5071905412775672299}
  - {fileID: 5071905412775672297}
  - {fileID: 5071905412775672301}
  - {fileID: 5071905412775671933}
  - {fileID: 5071905412775672291}
  - {fileID: 5071905412775672303}
  - {fileID: 5071905412775671935}
  - {fileID: 5071905412775672287}
  - {fileID: 5071905412775672295}
  - {fileID: 5071905412775672273}
  - {fileID: 5071905412775672277}
  - {fileID: 5071905412775672269}
  - {fileID: 5071905412775672265}
  - {fileID: 5071905412775672263}
  - {fileID: 5071905412775672253}
  - {fileID: 5071905412775672249}
  - {fileID: 5071905412775672247}
  - {fileID: 5071905412775672221}
  - {fileID: 5071905412775672217}
  - {fileID: 5071905412775672215}
  - {fileID: 5071905412775672237}
  - {fileID: 5071905412775672233}
  - {fileID: 5071905412775672231}
  - {fileID: 5071905412775672207}
  - {fileID: 5071905412775672203}
  - {fileID: 5071905412775672193}
  - {fileID: 5071905412775672279}
  - {fileID: 5071905412775672283}
  - {fileID: 5071905412775672275}
  - {fileID: 5071905412775672271}
  - {fileID: 5071905412775672267}
  - {fileID: 5071905412775672259}
  - {fileID: 5071905412775672255}
  - {fileID: 5071905412775672251}
  - {fileID: 5071905412775672227}
  - {fileID: 5071905412775672223}
  - {fileID: 5071905412775672219}
  - {fileID: 5071905412775672243}
  - {fileID: 5071905412775672239}
  - {fileID: 5071905412775672235}
  - {fileID: 5071905412775672205}
  - {fileID: 5071905412775672201}
  - {fileID: 5071905412775672197}
  m_BlendShapeWeights: []
  m_RootBone: {fileID: 5071905412775672279}
  m_AABB:
    m_Center: {x: 0.0026584647, y: -0.0012452058, z: 0.0004945039}
    m_Extent: {x: 0.005514347, y: 0.0053129424, z: 0.004264004}
  m_DirtyAABB: 0
--- !u!1 &5071905412775175643
GameObject:
  m_ObjectHideFlags: 0
  m_CorrespondingSourceObject: {fileID: 0}
  m_PrefabInstance: {fileID: 0}
  m_PrefabAsset: {fileID: 0}
  serializedVersion: 6
  m_Component:
  - component: {fileID: 5071905412775672315}
  - component: {fileID: 5071905412776442333}
  - component: {fileID: 5071905412777442077}
  m_Layer: 0
  m_Name: arrow
  m_TagString: Untagged
  m_Icon: {fileID: 0}
  m_NavMeshLayer: 0
  m_StaticEditorFlags: 0
  m_IsActive: 1
--- !u!4 &5071905412775672315
Transform:
  m_ObjectHideFlags: 0
  m_CorrespondingSourceObject: {fileID: 0}
  m_PrefabInstance: {fileID: 0}
  m_PrefabAsset: {fileID: 0}
  m_GameObject: {fileID: 5071905412775175643}
  m_LocalRotation: {x: -0.5602782, y: -0.42534336, z: -0.44512564, w: 0.554107}
  m_LocalPosition: {x: 0.00037122692, y: 0.0068140957, z: 0.0002685584}
  m_LocalScale: {x: 1, y: 1, z: 1.0000001}
  m_Children: []
  m_Father: {fileID: 5071905412775672277}
  m_RootOrder: 0
  m_LocalEulerAnglesHint: {x: 0, y: 0, z: 0}
--- !u!33 &5071905412776442333
MeshFilter:
  m_ObjectHideFlags: 0
  m_CorrespondingSourceObject: {fileID: 0}
  m_PrefabInstance: {fileID: 0}
  m_PrefabAsset: {fileID: 0}
  m_GameObject: {fileID: 5071905412775175643}
  m_Mesh: {fileID: 4300000, guid: bc0806db4a2e5684ea2caab898fae358, type: 3}
--- !u!23 &5071905412777442077
MeshRenderer:
  m_ObjectHideFlags: 0
  m_CorrespondingSourceObject: {fileID: 0}
  m_PrefabInstance: {fileID: 0}
  m_PrefabAsset: {fileID: 0}
  m_GameObject: {fileID: 5071905412775175643}
  m_Enabled: 1
  m_CastShadows: 1
  m_ReceiveShadows: 1
  m_DynamicOccludee: 1
  m_MotionVectors: 1
  m_LightProbeUsage: 1
  m_ReflectionProbeUsage: 1
  m_RenderingLayerMask: 1
  m_RendererPriority: 0
  m_Materials:
  - {fileID: 2100000, guid: bc0806db4a2e5684ea2caab898fae358, type: 3}
  m_StaticBatchInfo:
    firstSubMesh: 0
    subMeshCount: 0
  m_StaticBatchRoot: {fileID: 0}
  m_ProbeAnchor: {fileID: 0}
  m_LightProbeVolumeOverride: {fileID: 0}
  m_ScaleInLightmap: 1
  m_PreserveUVs: 0
  m_IgnoreNormalsForChartDetection: 0
  m_ImportantGI: 0
  m_StitchLightmapSeams: 0
  m_SelectedEditorRenderState: 3
  m_MinimumChartSize: 4
  m_AutoUVMaxDistance: 0.5
  m_AutoUVMaxAngle: 89
  m_LightmapParameters: {fileID: 0}
  m_SortingLayerID: 0
  m_SortingLayer: 0
  m_SortingOrder: 0
--- !u!1 &5071905412775175645
GameObject:
  m_ObjectHideFlags: 0
  m_CorrespondingSourceObject: {fileID: 0}
  m_PrefabInstance: {fileID: 0}
  m_PrefabAsset: {fileID: 0}
  serializedVersion: 6
  m_Component:
  - component: {fileID: 5071905412775672317}
  m_Layer: 0
  m_Name: Armature
  m_TagString: Untagged
  m_Icon: {fileID: 0}
  m_NavMeshLayer: 0
  m_StaticEditorFlags: 0
  m_IsActive: 1
--- !u!4 &5071905412775672317
Transform:
  m_ObjectHideFlags: 0
  m_CorrespondingSourceObject: {fileID: 0}
  m_PrefabInstance: {fileID: 0}
  m_PrefabAsset: {fileID: 0}
  m_GameObject: {fileID: 5071905412775175645}
  m_LocalRotation: {x: -0.7063618, y: -0.03245007, z: 0.032450058, w: 0.70636183}
  m_LocalPosition: {x: -0, y: 0, z: 0}
  m_LocalScale: {x: 100, y: 100, z: 100}
  m_Children:
  - {fileID: 5071905412775672297}
  - {fileID: 5071905412775672299}
  - {fileID: 5071905412775672295}
  - {fileID: 5071905412775672279}
  - {fileID: 5071905412775672273}
  m_Father: {fileID: 5071905412775671929}
  m_RootOrder: 0
  m_LocalEulerAnglesHint: {x: 0, y: 0, z: 0}
--- !u!1 &5071905412775175647
GameObject:
  m_ObjectHideFlags: 0
  m_CorrespondingSourceObject: {fileID: 0}
  m_PrefabInstance: {fileID: 0}
  m_PrefabAsset: {fileID: 0}
  serializedVersion: 6
  m_Component:
  - component: {fileID: 5071905412775672319}
  m_Layer: 0
  m_Name: Armature.001
  m_TagString: Untagged
  m_Icon: {fileID: 0}
  m_NavMeshLayer: 0
  m_StaticEditorFlags: 0
  m_IsActive: 1
--- !u!4 &5071905412775672319
Transform:
  m_ObjectHideFlags: 0
  m_CorrespondingSourceObject: {fileID: 0}
  m_PrefabInstance: {fileID: 0}
  m_PrefabAsset: {fileID: 0}
  m_GameObject: {fileID: 5071905412775175647}
  m_LocalRotation: {x: -0.4035751, y: 0.61816376, z: 0.32116127, w: 0.59317464}
  m_LocalPosition: {x: -0.00027723552, y: 0.0016927539, z: 0.00048530626}
  m_LocalScale: {x: 1, y: 1.0000002, z: 1.0000004}
  m_Children:
  - {fileID: 5071905412775672309}
  m_Father: {fileID: 5071905412775672283}
  m_RootOrder: 0
  m_LocalEulerAnglesHint: {x: 0, y: 0, z: 0}
