%YAML 1.1
%TAG !u! tag:unity3d.com,2011:
--- !u!1 &7870626969161561249
GameObject:
  m_ObjectHideFlags: 0
  m_CorrespondingSourceObject: {fileID: 0}
  m_PrefabInstance: {fileID: 0}
  m_PrefabAsset: {fileID: 0}
  serializedVersion: 6
  m_Component:
  - component: {fileID: 7870626969161590913}
  - component: {fileID: 7870626969158166699}
  - component: {fileID: 7870626969159297643}
  - component: {fileID: 7870626970448513456}
  - component: {fileID: 7870626970448513457}
  m_Layer: 0
  m_Name: claymore
  m_TagString: Untagged
  m_Icon: {fileID: 0}
  m_NavMeshLayer: 0
  m_StaticEditorFlags: 0
  m_IsActive: 1
--- !u!4 &7870626969161590913
Transform:
  m_ObjectHideFlags: 0
  m_CorrespondingSourceObject: {fileID: 0}
  m_PrefabInstance: {fileID: 0}
  m_PrefabAsset: {fileID: 0}
  m_GameObject: {fileID: 7870626969161561249}
  m_LocalRotation: {x: 0.549508, y: -0.439408, z: -0.44626907, w: 0.552997}
  m_LocalPosition: {x: 0.00022375346, y: 0.0018046197, z: 0.004036346}
  m_LocalScale: {x: 1, y: 1, z: 1.0000001}
  m_Children: []
  m_Father: {fileID: 7870626969161590941}
  m_RootOrder: 0
  m_LocalEulerAnglesHint: {x: 0, y: 0, z: 0}
--- !u!33 &7870626969158166699
MeshFilter:
  m_ObjectHideFlags: 0
  m_CorrespondingSourceObject: {fileID: 0}
  m_PrefabInstance: {fileID: 0}
  m_PrefabAsset: {fileID: 0}
  m_GameObject: {fileID: 7870626969161561249}
  m_Mesh: {fileID: 4300000, guid: 02b77cf2c4fc8ea408be230e745c7ad2, type: 3}
--- !u!23 &7870626969159297643
MeshRenderer:
  m_ObjectHideFlags: 0
  m_CorrespondingSourceObject: {fileID: 0}
  m_PrefabInstance: {fileID: 0}
  m_PrefabAsset: {fileID: 0}
  m_GameObject: {fileID: 7870626969161561249}
  m_Enabled: 1
  m_CastShadows: 0
  m_ReceiveShadows: 1
  m_DynamicOccludee: 1
  m_MotionVectors: 1
  m_LightProbeUsage: 1
  m_ReflectionProbeUsage: 1
  m_RenderingLayerMask: 1
  m_RendererPriority: 0
  m_Materials:
  - {fileID: 2100000, guid: 02b77cf2c4fc8ea408be230e745c7ad2, type: 3}
  - {fileID: 2100002, guid: 02b77cf2c4fc8ea408be230e745c7ad2, type: 3}
  - {fileID: 2100004, guid: 02b77cf2c4fc8ea408be230e745c7ad2, type: 3}
  - {fileID: 2100006, guid: 02b77cf2c4fc8ea408be230e745c7ad2, type: 3}
  m_StaticBatchInfo:
    firstSubMesh: 0
    subMeshCount: 0
  m_StaticBatchRoot: {fileID: 0}
  m_ProbeAnchor: {fileID: 0}
  m_LightProbeVolumeOverride: {fileID: 0}
  m_ScaleInLightmap: 1
  m_PreserveUVs: 0
  m_IgnoreNormalsForChartDetection: 0
  m_ImportantGI: 0
  m_StitchLightmapSeams: 0
  m_SelectedEditorRenderState: 3
  m_MinimumChartSize: 4
  m_AutoUVMaxDistance: 0.5
  m_AutoUVMaxAngle: 89
  m_LightmapParameters: {fileID: 0}
  m_SortingLayerID: 0
  m_SortingLayer: 0
  m_SortingOrder: 0
--- !u!65 &7870626970448513456
BoxCollider:
  m_ObjectHideFlags: 0
  m_CorrespondingSourceObject: {fileID: 0}
  m_PrefabInstance: {fileID: 0}
  m_PrefabAsset: {fileID: 0}
  m_GameObject: {fileID: 7870626969161561249}
  m_Material: {fileID: 0}
  m_IsTrigger: 1
  m_Enabled: 1
  serializedVersion: 2
  m_Size: {x: 0.0033637509, y: 0.018336833, z: 0.00047017934}
  m_Center: {x: 0.000011594961, y: 0.0065578986, z: -0.000029572639}
--- !u!114 &7870626970448513457
MonoBehaviour:
  m_ObjectHideFlags: 0
  m_CorrespondingSourceObject: {fileID: 0}
  m_PrefabInstance: {fileID: 0}
  m_PrefabAsset: {fileID: 0}
  m_GameObject: {fileID: 7870626969161561249}
  m_Enabled: 1
  m_EditorHideFlags: 0
  m_Script: {fileID: 11500000, guid: a865fe4a8341c6e44b0e698b00115baa, type: 3}
  m_Name: 
  m_EditorClassIdentifier: 
  swordCollider: {fileID: 7870626970448513456}
  player: {fileID: 0}
--- !u!1 &7870626969161561251
GameObject:
  m_ObjectHideFlags: 0
  m_CorrespondingSourceObject: {fileID: 0}
  m_PrefabInstance: {fileID: 0}
  m_PrefabAsset: {fileID: 0}
  serializedVersion: 6
  m_Component:
  - component: {fileID: 7870626969161590915}
  m_Layer: 0
  m_Name: chest_target
  m_TagString: Untagged
  m_Icon: {fileID: 0}
  m_NavMeshLayer: 0
  m_StaticEditorFlags: 0
  m_IsActive: 1
--- !u!4 &7870626969161590915
Transform:
  m_ObjectHideFlags: 0
  m_CorrespondingSourceObject: {fileID: 0}
  m_PrefabInstance: {fileID: 0}
  m_PrefabAsset: {fileID: 0}
  m_GameObject: {fileID: 7870626969161561251}
  m_LocalRotation: {x: 0, y: -0, z: -0, w: 1}
  m_LocalPosition: {x: 0.0006560557, y: 0.002144508, z: 0.000019398334}
  m_LocalScale: {x: 1, y: 1, z: 1}
  m_Children:
  - {fileID: 7870626969161590927}
  - {fileID: 7870626969161590925}
  m_Father: {fileID: 7870626969161590921}
  m_RootOrder: 0
  m_LocalEulerAnglesHint: {x: 0, y: 0, z: 0}
--- !u!1 &7870626969161561253
GameObject:
  m_ObjectHideFlags: 0
  m_CorrespondingSourceObject: {fileID: 0}
  m_PrefabInstance: {fileID: 0}
  m_PrefabAsset: {fileID: 0}
  serializedVersion: 6
  m_Component:
  - component: {fileID: 7870626969161590917}
  m_Layer: 0
  m_Name: Elbowik.R
  m_TagString: Untagged
  m_Icon: {fileID: 0}
  m_NavMeshLayer: 0
  m_StaticEditorFlags: 0
  m_IsActive: 1
--- !u!4 &7870626969161590917
Transform:
  m_ObjectHideFlags: 0
  m_CorrespondingSourceObject: {fileID: 0}
  m_PrefabInstance: {fileID: 0}
  m_PrefabAsset: {fileID: 0}
  m_GameObject: {fileID: 7870626969161561253}
  m_LocalRotation: {x: 0, y: -0, z: -0.7017708, w: 0.7124028}
  m_LocalPosition: {x: 0.0070605916, y: -0.0025441218, z: -0.0010872023}
  m_LocalScale: {x: 1, y: 1, z: 1}
  m_Children: []
  m_Father: {fileID: 7870626969161590921}
  m_RootOrder: 2
  m_LocalEulerAnglesHint: {x: 0, y: 0, z: 0}
--- !u!1 &7870626969161561255
GameObject:
  m_ObjectHideFlags: 0
  m_CorrespondingSourceObject: {fileID: 0}
  m_PrefabInstance: {fileID: 0}
  m_PrefabAsset: {fileID: 0}
  serializedVersion: 6
  m_Component:
  - component: {fileID: 7870626969161590919}
  m_Layer: 0
  m_Name: Elbowik.L
  m_TagString: Untagged
  m_Icon: {fileID: 0}
  m_NavMeshLayer: 0
  m_StaticEditorFlags: 0
  m_IsActive: 1
--- !u!4 &7870626969161590919
Transform:
  m_ObjectHideFlags: 0
  m_CorrespondingSourceObject: {fileID: 0}
  m_PrefabInstance: {fileID: 0}
  m_PrefabAsset: {fileID: 0}
  m_GameObject: {fileID: 7870626969161561255}
  m_LocalRotation: {x: 0, y: 0, z: 0.7017708, w: 0.7124028}
  m_LocalPosition: {x: -0.0056510456, y: -0.0031434307, z: -0.0015746838}
  m_LocalScale: {x: 1, y: 1, z: 1}
  m_Children: []
  m_Father: {fileID: 7870626969161590921}
  m_RootOrder: 1
  m_LocalEulerAnglesHint: {x: 0, y: 0, z: 0}
--- !u!1 &7870626969161561257
GameObject:
  m_ObjectHideFlags: 0
  m_CorrespondingSourceObject: {fileID: 0}
  m_PrefabInstance: {fileID: 0}
  m_PrefabAsset: {fileID: 0}
  serializedVersion: 6
  m_Component:
  - component: {fileID: 7870626969161590921}
  m_Layer: 0
  m_Name: Armature.L
  m_TagString: Untagged
  m_Icon: {fileID: 0}
  m_NavMeshLayer: 0
  m_StaticEditorFlags: 0
  m_IsActive: 1
--- !u!4 &7870626969161590921
Transform:
  m_ObjectHideFlags: 0
  m_CorrespondingSourceObject: {fileID: 0}
  m_PrefabInstance: {fileID: 0}
  m_PrefabAsset: {fileID: 0}
  m_GameObject: {fileID: 7870626969161561257}
  m_LocalRotation: {x: -0.7071067, y: -0.000000030908616, z: 0.000000030908623, w: 0.7071068}
  m_LocalPosition: {x: -0, y: 0, z: 0}
  m_LocalScale: {x: 100, y: 100, z: 100}
  m_Children:
  - {fileID: 7870626969161590915}
  - {fileID: 7870626969161590919}
  - {fileID: 7870626969161590917}
  - {fileID: 7870626969161590929}
  m_Father: {fileID: 7870626969161590999}
  m_RootOrder: 1
  m_LocalEulerAnglesHint: {x: 0, y: 0, z: 0}
--- !u!1 &7870626969161561259
GameObject:
  m_ObjectHideFlags: 0
  m_CorrespondingSourceObject: {fileID: 0}
  m_PrefabInstance: {fileID: 0}
  m_PrefabAsset: {fileID: 0}
  serializedVersion: 6
  m_Component:
  - component: {fileID: 7870626969161590923}
  - component: {fileID: 7870626969164675499}
  m_Layer: 0
  m_Name: arm.R
  m_TagString: Untagged
  m_Icon: {fileID: 0}
  m_NavMeshLayer: 0
  m_StaticEditorFlags: 0
  m_IsActive: 1
--- !u!4 &7870626969161590923
Transform:
  m_ObjectHideFlags: 0
  m_CorrespondingSourceObject: {fileID: 0}
  m_PrefabInstance: {fileID: 0}
  m_PrefabAsset: {fileID: 0}
  m_GameObject: {fileID: 7870626969161561259}
  m_LocalRotation: {x: -0.7071067, y: -0.000000030908616, z: 0.000000030908623, w: 0.7071068}
  m_LocalPosition: {x: -0, y: 0, z: 0}
  m_LocalScale: {x: 100, y: 100, z: 100}
  m_Children: []
  m_Father: {fileID: 7870626969161590999}
  m_RootOrder: 0
  m_LocalEulerAnglesHint: {x: 0, y: 0, z: 0}
--- !u!137 &7870626969164675499
SkinnedMeshRenderer:
  m_ObjectHideFlags: 0
  m_CorrespondingSourceObject: {fileID: 0}
  m_PrefabInstance: {fileID: 0}
  m_PrefabAsset: {fileID: 0}
  m_GameObject: {fileID: 7870626969161561259}
  m_Enabled: 1
  m_CastShadows: 0
  m_ReceiveShadows: 1
  m_DynamicOccludee: 1
  m_MotionVectors: 1
  m_LightProbeUsage: 1
  m_ReflectionProbeUsage: 1
  m_RenderingLayerMask: 1
  m_RendererPriority: 0
  m_Materials:
  - {fileID: 2100008, guid: 02b77cf2c4fc8ea408be230e745c7ad2, type: 3}
  m_StaticBatchInfo:
    firstSubMesh: 0
    subMeshCount: 0
  m_StaticBatchRoot: {fileID: 0}
  m_ProbeAnchor: {fileID: 0}
  m_LightProbeVolumeOverride: {fileID: 0}
  m_ScaleInLightmap: 1
  m_PreserveUVs: 0
  m_IgnoreNormalsForChartDetection: 0
  m_ImportantGI: 0
  m_StitchLightmapSeams: 0
  m_SelectedEditorRenderState: 3
  m_MinimumChartSize: 4
  m_AutoUVMaxDistance: 0.5
  m_AutoUVMaxAngle: 89
  m_LightmapParameters: {fileID: 0}
  m_SortingLayerID: 0
  m_SortingLayer: 0
  m_SortingOrder: 0
  serializedVersion: 2
  m_Quality: 0
  m_UpdateWhenOffscreen: 0
  m_SkinnedMotionVectors: 1
  m_Mesh: {fileID: 4300002, guid: 02b77cf2c4fc8ea408be230e745c7ad2, type: 3}
  m_Bones:
  - {fileID: 7870626969161590919}
  - {fileID: 7870626969161590915}
  - {fileID: 7870626969161590927}
  - {fileID: 7870626969161590995}
  - {fileID: 7870626969161590939}
  - {fileID: 7870626969161590925}
  - {fileID: 7870626969161590993}
  - {fileID: 7870626969161590937}
  - {fileID: 7870626969161590917}
  - {fileID: 7870626969161590929}
  - {fileID: 7870626969161590931}
  - {fileID: 7870626969161590943}
  - {fileID: 7870626969161590935}
  - {fileID: 7870626969161590955}
  - {fileID: 7870626969161590959}
  - {fileID: 7870626969161590947}
  - {fileID: 7870626969161590951}
  - {fileID: 7870626969161590971}
  - {fileID: 7870626969161590987}
  - {fileID: 7870626969161590991}
  - {fileID: 7870626969161590979}
  - {fileID: 7870626969161590975}
  - {fileID: 7870626969161590963}
  - {fileID: 7870626969161590967}
  - {fileID: 7870626969161590983}
  - {fileID: 7870626969161591003}
  - {fileID: 7870626969161591007}
  - {fileID: 7870626969161590941}
  - {fileID: 7870626969161590933}
  - {fileID: 7870626969161590953}
  - {fileID: 7870626969161590957}
  - {fileID: 7870626969161590945}
  - {fileID: 7870626969161590949}
  - {fileID: 7870626969161590969}
  - {fileID: 7870626969161590985}
  - {fileID: 7870626969161590989}
  - {fileID: 7870626969161590977}
  - {fileID: 7870626969161590973}
  - {fileID: 7870626969161590961}
  - {fileID: 7870626969161590965}
  - {fileID: 7870626969161590981}
  - {fileID: 7870626969161591001}
  - {fileID: 7870626969161591005}
  m_BlendShapeWeights: []
  m_RootBone: {fileID: 7870626969161590929}
  m_AABB:
    m_Center: {x: 0.0008642827, y: -0.0042816214, z: -0.0006558575}
    m_Extent: {x: 0.00543656, y: 0.0058436785, z: 0.002104321}
  m_DirtyAABB: 0
--- !u!1 &7870626969161561261
GameObject:
  m_ObjectHideFlags: 0
  m_CorrespondingSourceObject: {fileID: 0}
  m_PrefabInstance: {fileID: 0}
  m_PrefabAsset: {fileID: 0}
  serializedVersion: 6
  m_Component:
  - component: {fileID: 7870626969161590925}
  m_Layer: 0
  m_Name: chest.R
  m_TagString: Untagged
  m_Icon: {fileID: 0}
  m_NavMeshLayer: 0
  m_StaticEditorFlags: 0
  m_IsActive: 1
--- !u!4 &7870626969161590925
Transform:
  m_ObjectHideFlags: 0
  m_CorrespondingSourceObject: {fileID: 0}
  m_PrefabInstance: {fileID: 0}
  m_PrefabAsset: {fileID: 0}
  m_GameObject: {fileID: 7870626969161561261}
  m_LocalRotation: {x: 9.973722e-11, y: -1.4710021e-10, z: -0.66017556, w: 0.7511113}
  m_LocalPosition: {x: -0, y: -0.0009866038, z: 0}
  m_LocalScale: {x: 0.99999994, y: 0.99999994, z: 1}
  m_Children:
  - {fileID: 7870626969161590993}
  m_Father: {fileID: 7870626969161590915}
  m_RootOrder: 1
  m_LocalEulerAnglesHint: {x: 0, y: 0, z: 0}
--- !u!1 &7870626969161561263
GameObject:
  m_ObjectHideFlags: 0
  m_CorrespondingSourceObject: {fileID: 0}
  m_PrefabInstance: {fileID: 0}
  m_PrefabAsset: {fileID: 0}
  serializedVersion: 6
  m_Component:
  - component: {fileID: 7870626969161590927}
  m_Layer: 0
  m_Name: chest.L
  m_TagString: Untagged
  m_Icon: {fileID: 0}
  m_NavMeshLayer: 0
  m_StaticEditorFlags: 0
  m_IsActive: 1
--- !u!4 &7870626969161590927
Transform:
  m_ObjectHideFlags: 0
  m_CorrespondingSourceObject: {fileID: 0}
  m_PrefabInstance: {fileID: 0}
  m_PrefabAsset: {fileID: 0}
  m_GameObject: {fileID: 7870626969161561263}
  m_LocalRotation: {x: 0, y: 0, z: 0.7625119, w: 0.64697415}
  m_LocalPosition: {x: -0, y: -0.0009866038, z: 0}
  m_LocalScale: {x: 0.99999994, y: 1, z: 1}
  m_Children:
  - {fileID: 7870626969161590995}
  m_Father: {fileID: 7870626969161590915}
  m_RootOrder: 0
  m_LocalEulerAnglesHint: {x: 0, y: 0, z: 0}
--- !u!1 &7870626969161561265
GameObject:
  m_ObjectHideFlags: 0
  m_CorrespondingSourceObject: {fileID: 0}
  m_PrefabInstance: {fileID: 0}
  m_PrefabAsset: {fileID: 0}
  serializedVersion: 6
  m_Component:
  - component: {fileID: 7870626969161590929}
  m_Layer: 0
  m_Name: handik.R
  m_TagString: Untagged
  m_Icon: {fileID: 0}
  m_NavMeshLayer: 0
  m_StaticEditorFlags: 0
  m_IsActive: 1
--- !u!4 &7870626969161590929
Transform:
  m_ObjectHideFlags: 0
  m_CorrespondingSourceObject: {fileID: 0}
  m_PrefabInstance: {fileID: 0}
  m_PrefabAsset: {fileID: 0}
  m_GameObject: {fileID: 7870626969161561265}
  m_LocalRotation: {x: 0.07341292, y: -0.018145522, z: 0.9278877, w: -0.36511055}
  m_LocalPosition: {x: 0.004129134, y: -0.0032547852, z: -0.00054516504}
  m_LocalScale: {x: 0.99999994, y: 1, z: 1}
  m_Children:
  - {fileID: 7870626969161590941}
  - {fileID: 7870626969161590931}
  m_Father: {fileID: 7870626969161590921}
  m_RootOrder: 3
  m_LocalEulerAnglesHint: {x: 0, y: 0, z: 0}
--- !u!1 &7870626969161561267
GameObject:
  m_ObjectHideFlags: 0
  m_CorrespondingSourceObject: {fileID: 0}
  m_PrefabInstance: {fileID: 0}
  m_PrefabAsset: {fileID: 0}
  serializedVersion: 6
  m_Component:
  - component: {fileID: 7870626969161590931}
  m_Layer: 0
  m_Name: handik.L
  m_TagString: Untagged
  m_Icon: {fileID: 0}
  m_NavMeshLayer: 0
  m_StaticEditorFlags: 0
  m_IsActive: 1
--- !u!4 &7870626969161590931
Transform:
  m_ObjectHideFlags: 0
  m_CorrespondingSourceObject: {fileID: 0}
  m_PrefabInstance: {fileID: 0}
  m_PrefabAsset: {fileID: 0}
  m_GameObject: {fileID: 7870626969161561267}
  m_LocalRotation: {x: 0.022405984, y: 0.056368303, z: -0.43567505, w: 0.8980578}
  m_LocalPosition: {x: 0.0030650606, y: -0.0013271403, z: -0.0015579665}
  m_LocalScale: {x: 0.9999917, y: 0.999985, z: 0.9999998}
  m_Children:
  - {fileID: 7870626969161590943}
  m_Father: {fileID: 7870626969161590929}
  m_RootOrder: 1
  m_LocalEulerAnglesHint: {x: 0, y: 0, z: 0}
--- !u!1 &7870626969161561269
GameObject:
  m_ObjectHideFlags: 0
  m_CorrespondingSourceObject: {fileID: 0}
  m_PrefabInstance: {fileID: 0}
  m_PrefabAsset: {fileID: 0}
  serializedVersion: 6
  m_Component:
  - component: {fileID: 7870626969161590933}
  m_Layer: 0
  m_Name: index1.R
  m_TagString: Untagged
  m_Icon: {fileID: 0}
  m_NavMeshLayer: 0
  m_StaticEditorFlags: 0
  m_IsActive: 1
--- !u!4 &7870626969161590933
Transform:
  m_ObjectHideFlags: 0
  m_CorrespondingSourceObject: {fileID: 0}
  m_PrefabInstance: {fileID: 0}
  m_PrefabAsset: {fileID: 0}
  m_GameObject: {fileID: 7870626969161561269}
  m_LocalRotation: {x: 0.003806237, y: -0.001861826, z: -0.43809828, w: 0.8989171}
  m_LocalPosition: {x: -0.00001936606, y: 0.0019727966, z: 0.00036797085}
  m_LocalScale: {x: 1, y: 1, z: 0.9999998}
  m_Children:
  - {fileID: 7870626969161590953}
  m_Father: {fileID: 7870626969161590941}
  m_RootOrder: 1
  m_LocalEulerAnglesHint: {x: 0, y: 0, z: 0}
--- !u!1 &7870626969161561271
GameObject:
  m_ObjectHideFlags: 0
  m_CorrespondingSourceObject: {fileID: 0}
  m_PrefabInstance: {fileID: 0}
  m_PrefabAsset: {fileID: 0}
  serializedVersion: 6
  m_Component:
  - component: {fileID: 7870626969161590935}
  m_Layer: 0
  m_Name: index1.L
  m_TagString: Untagged
  m_Icon: {fileID: 0}
  m_NavMeshLayer: 0
  m_StaticEditorFlags: 0
  m_IsActive: 1
--- !u!4 &7870626969161590935
Transform:
  m_ObjectHideFlags: 0
  m_CorrespondingSourceObject: {fileID: 0}
  m_PrefabInstance: {fileID: 0}
  m_PrefabAsset: {fileID: 0}
  m_GameObject: {fileID: 7870626969161561271}
  m_LocalRotation: {x: -0.006627859, y: 0.00035651893, z: 0.66846395, w: 0.7437149}
  m_LocalPosition: {x: 0.000028061886, y: 0.0019945167, z: 0.00036797082}
  m_LocalScale: {x: 1, y: 0.99999994, z: 1}
  m_Children:
  - {fileID: 7870626969161590955}
  m_Father: {fileID: 7870626969161590943}
  m_RootOrder: 0
  m_LocalEulerAnglesHint: {x: 0, y: 0, z: 0}
--- !u!1 &7870626969161561273
GameObject:
  m_ObjectHideFlags: 0
  m_CorrespondingSourceObject: {fileID: 0}
  m_PrefabInstance: {fileID: 0}
  m_PrefabAsset: {fileID: 0}
  serializedVersion: 6
  m_Component:
  - component: {fileID: 7870626969161590937}
  m_Layer: 0
  m_Name: foreamr.R
  m_TagString: Untagged
  m_Icon: {fileID: 0}
  m_NavMeshLayer: 0
  m_StaticEditorFlags: 0
  m_IsActive: 1
--- !u!4 &7870626969161590937
Transform:
  m_ObjectHideFlags: 0
  m_CorrespondingSourceObject: {fileID: 0}
  m_PrefabInstance: {fileID: 0}
  m_PrefabAsset: {fileID: 0}
  m_GameObject: {fileID: 7870626969161561273}
  m_LocalRotation: {x: -0.66917896, y: 0.7423506, z: 0.03333885, w: 0.0019161301}
  m_LocalPosition: {x: 4.991889e-10, y: 0.0040695146, z: 8.940697e-11}
  m_LocalScale: {x: 0.9999998, y: 0.99999946, z: 0.9999998}
  m_Children: []
  m_Father: {fileID: 7870626969161590993}
  m_RootOrder: 0
  m_LocalEulerAnglesHint: {x: 0, y: 0, z: 0}
--- !u!1 &7870626969161561275
GameObject:
  m_ObjectHideFlags: 0
  m_CorrespondingSourceObject: {fileID: 0}
  m_PrefabInstance: {fileID: 0}
  m_PrefabAsset: {fileID: 0}
  serializedVersion: 6
  m_Component:
  - component: {fileID: 7870626969161590939}
  m_Layer: 0
  m_Name: foreamr.L
  m_TagString: Untagged
  m_Icon: {fileID: 0}
  m_NavMeshLayer: 0
  m_StaticEditorFlags: 0
  m_IsActive: 1
--- !u!4 &7870626969161590939
Transform:
  m_ObjectHideFlags: 0
  m_CorrespondingSourceObject: {fileID: 0}
  m_PrefabInstance: {fileID: 0}
  m_PrefabAsset: {fileID: 0}
  m_GameObject: {fileID: 7870626969161561275}
  m_LocalRotation: {x: 0.25309747, y: 0.96735346, z: 0.012692368, w: -0.0028145954}
  m_LocalPosition: {x: 3.5762787e-10, y: 0.0040695146, z: 7.450581e-12}
  m_LocalScale: {x: 0.99999964, y: 0.99999964, z: 0.9999998}
  m_Children: []
  m_Father: {fileID: 7870626969161590995}
  m_RootOrder: 0
  m_LocalEulerAnglesHint: {x: 0, y: 0, z: 0}
--- !u!1 &7870626969161561277
GameObject:
  m_ObjectHideFlags: 0
  m_CorrespondingSourceObject: {fileID: 0}
  m_PrefabInstance: {fileID: 0}
  m_PrefabAsset: {fileID: 0}
  serializedVersion: 6
  m_Component:
  - component: {fileID: 7870626969161590941}
  m_Layer: 0
  m_Name: hand.R
  m_TagString: Untagged
  m_Icon: {fileID: 0}
  m_NavMeshLayer: 0
  m_StaticEditorFlags: 0
  m_IsActive: 1
--- !u!4 &7870626969161590941
Transform:
  m_ObjectHideFlags: 0
  m_CorrespondingSourceObject: {fileID: 0}
  m_PrefabInstance: {fileID: 0}
  m_PrefabAsset: {fileID: 0}
  m_GameObject: {fileID: 7870626969161561277}
  m_LocalRotation: {x: 0.000000005477969, y: 0.0000000038668015, z: -0.6913158, w: 0.7225527}
  m_LocalPosition: {x: -8.5681684e-11, y: 0.00000036803263, z: 0.00000018255041}
  m_LocalScale: {x: 0.99999994, y: 0.99999976, z: 1}
  m_Children:
  - {fileID: 7870626969161590913}
  - {fileID: 7870626969161590933}
  - {fileID: 7870626969161590945}
  - {fileID: 7870626969161590973}
  - {fileID: 7870626969161590985}
  - {fileID: 7870626969161590981}
  m_Father: {fileID: 7870626969161590929}
  m_RootOrder: 0
  m_LocalEulerAnglesHint: {x: 0, y: 0, z: 0}
--- !u!1 &7870626969161561279
GameObject:
  m_ObjectHideFlags: 0
  m_CorrespondingSourceObject: {fileID: 0}
  m_PrefabInstance: {fileID: 0}
  m_PrefabAsset: {fileID: 0}
  serializedVersion: 6
  m_Component:
  - component: {fileID: 7870626969161590943}
  m_Layer: 0
  m_Name: hand.L
  m_TagString: Untagged
  m_Icon: {fileID: 0}
  m_NavMeshLayer: 0
  m_StaticEditorFlags: 0
  m_IsActive: 1
--- !u!4 &7870626969161590943
Transform:
  m_ObjectHideFlags: 0
  m_CorrespondingSourceObject: {fileID: 0}
  m_PrefabInstance: {fileID: 0}
  m_PrefabAsset: {fileID: 0}
  m_GameObject: {fileID: 7870626969161561279}
  m_LocalRotation: {x: -6.444668e-10, y: -2.236694e-16, z: 0.6913159, w: 0.72255266}
  m_LocalPosition: {x: 7.1525574e-10, y: -9.909272e-10, z: -5.960465e-10}
  m_LocalScale: {x: 1, y: 1, z: 1.0000001}
  m_Children:
  - {fileID: 7870626969161590935}
  - {fileID: 7870626969161590947}
  - {fileID: 7870626969161590975}
  - {fileID: 7870626969161590987}
  - {fileID: 7870626969161590983}
  m_Father: {fileID: 7870626969161590931}
  m_RootOrder: 0
  m_LocalEulerAnglesHint: {x: 0, y: 0, z: 0}
--- !u!1 &7870626969161561281
GameObject:
  m_ObjectHideFlags: 0
  m_CorrespondingSourceObject: {fileID: 0}
  m_PrefabInstance: {fileID: 0}
  m_PrefabAsset: {fileID: 0}
  serializedVersion: 6
  m_Component:
  - component: {fileID: 7870626969161590945}
  m_Layer: 0
  m_Name: middle1.R
  m_TagString: Untagged
  m_Icon: {fileID: 0}
  m_NavMeshLayer: 0
  m_StaticEditorFlags: 0
  m_IsActive: 1
--- !u!4 &7870626969161590945
Transform:
  m_ObjectHideFlags: 0
  m_CorrespondingSourceObject: {fileID: 0}
  m_PrefabInstance: {fileID: 0}
  m_PrefabAsset: {fileID: 0}
  m_GameObject: {fileID: 7870626969161561281}
  m_LocalRotation: {x: -0.0067622587, y: 0.0032854667, z: -0.43808967, w: 0.89889985}
  m_LocalPosition: {x: 0.000025718293, y: 0.0020080637, z: 0.000057239948}
  m_LocalScale: {x: 0.99999994, y: 1, z: 0.99999994}
  m_Children:
  - {fileID: 7870626969161590949}
  m_Father: {fileID: 7870626969161590941}
  m_RootOrder: 2
  m_LocalEulerAnglesHint: {x: 0, y: 0, z: 0}
--- !u!1 &7870626969161561283
GameObject:
  m_ObjectHideFlags: 0
  m_CorrespondingSourceObject: {fileID: 0}
  m_PrefabInstance: {fileID: 0}
  m_PrefabAsset: {fileID: 0}
  serializedVersion: 6
  m_Component:
  - component: {fileID: 7870626969161590947}
  m_Layer: 0
  m_Name: middle1.L
  m_TagString: Untagged
  m_Icon: {fileID: 0}
  m_NavMeshLayer: 0
  m_StaticEditorFlags: 0
  m_IsActive: 1
--- !u!4 &7870626969161590947
Transform:
  m_ObjectHideFlags: 0
  m_CorrespondingSourceObject: {fileID: 0}
  m_PrefabInstance: {fileID: 0}
  m_PrefabAsset: {fileID: 0}
  m_GameObject: {fileID: 7870626969161561283}
  m_LocalRotation: {x: -0.0055789505, y: -0.0050393688, z: 0.6711884, w: 0.74124867}
  m_LocalPosition: {x: -0.000028899094, y: 0.0020001833, z: 0.000057239824}
  m_LocalScale: {x: 1, y: 1, z: 0.99999994}
  m_Children:
  - {fileID: 7870626969161590951}
  m_Father: {fileID: 7870626969161590943}
  m_RootOrder: 1
  m_LocalEulerAnglesHint: {x: 0, y: 0, z: 0}
--- !u!1 &7870626969161561285
GameObject:
  m_ObjectHideFlags: 0
  m_CorrespondingSourceObject: {fileID: 0}
  m_PrefabInstance: {fileID: 0}
  m_PrefabAsset: {fileID: 0}
  serializedVersion: 6
  m_Component:
  - component: {fileID: 7870626969161590949}
  m_Layer: 0
  m_Name: middle2.R
  m_TagString: Untagged
  m_Icon: {fileID: 0}
  m_NavMeshLayer: 0
  m_StaticEditorFlags: 0
  m_IsActive: 1
--- !u!4 &7870626969161590949
Transform:
  m_ObjectHideFlags: 0
  m_CorrespondingSourceObject: {fileID: 0}
  m_PrefabInstance: {fileID: 0}
  m_PrefabAsset: {fileID: 0}
  m_GameObject: {fileID: 7870626969161561285}
  m_LocalRotation: {x: -0.003557153, y: 0.0050065992, z: -0.69648653, w: 0.7175436}
  m_LocalPosition: {x: -0.0000000011185185, y: 0.00054384064, z: -2.0489098e-11}
  m_LocalScale: {x: 1, y: 1.0000001, z: 0.99999994}
  m_Children:
  - {fileID: 7870626969161590969}
  m_Father: {fileID: 7870626969161590945}
  m_RootOrder: 0
  m_LocalEulerAnglesHint: {x: 0, y: 0, z: 0}
--- !u!1 &7870626969161561287
GameObject:
  m_ObjectHideFlags: 0
  m_CorrespondingSourceObject: {fileID: 0}
  m_PrefabInstance: {fileID: 0}
  m_PrefabAsset: {fileID: 0}
  serializedVersion: 6
  m_Component:
  - component: {fileID: 7870626969161590951}
  m_Layer: 0
  m_Name: middle2.L
  m_TagString: Untagged
  m_Icon: {fileID: 0}
  m_NavMeshLayer: 0
  m_StaticEditorFlags: 0
  m_IsActive: 1
--- !u!4 &7870626969161590951
Transform:
  m_ObjectHideFlags: 0
  m_CorrespondingSourceObject: {fileID: 0}
  m_PrefabInstance: {fileID: 0}
  m_PrefabAsset: {fileID: 0}
  m_GameObject: {fileID: 7870626969161561287}
  m_LocalRotation: {x: 0.0034825876, y: 0.00053720665, z: 0.59165925, w: 0.8061805}
  m_LocalPosition: {x: -4.7497456e-10, y: 0.00054385356, z: 5.960465e-11}
  m_LocalScale: {x: 1, y: 1.0000001, z: 1}
  m_Children:
  - {fileID: 7870626969161590971}
  m_Father: {fileID: 7870626969161590947}
  m_RootOrder: 0
  m_LocalEulerAnglesHint: {x: 0, y: 0, z: 0}
--- !u!1 &7870626969161561289
GameObject:
  m_ObjectHideFlags: 0
  m_CorrespondingSourceObject: {fileID: 0}
  m_PrefabInstance: {fileID: 0}
  m_PrefabAsset: {fileID: 0}
  serializedVersion: 6
  m_Component:
  - component: {fileID: 7870626969161590953}
  m_Layer: 0
  m_Name: index2.R
  m_TagString: Untagged
  m_Icon: {fileID: 0}
  m_NavMeshLayer: 0
  m_StaticEditorFlags: 0
  m_IsActive: 1
--- !u!4 &7870626969161590953
Transform:
  m_ObjectHideFlags: 0
  m_CorrespondingSourceObject: {fileID: 0}
  m_PrefabInstance: {fileID: 0}
  m_PrefabAsset: {fileID: 0}
  m_GameObject: {fileID: 7870626969161561289}
  m_LocalRotation: {x: -0.011723626, y: -0.008855415, z: -0.7291152, w: 0.6842333}
  m_LocalPosition: {x: 1.8160791e-10, y: 0.00048246764, z: 2.9802324e-11}
  m_LocalScale: {x: 1, y: 1, z: 1}
  m_Children:
  - {fileID: 7870626969161590957}
  m_Father: {fileID: 7870626969161590933}
  m_RootOrder: 0
  m_LocalEulerAnglesHint: {x: 0, y: 0, z: 0}
--- !u!1 &7870626969161561291
GameObject:
  m_ObjectHideFlags: 0
  m_CorrespondingSourceObject: {fileID: 0}
  m_PrefabInstance: {fileID: 0}
  m_PrefabAsset: {fileID: 0}
  serializedVersion: 6
  m_Component:
  - component: {fileID: 7870626969161590955}
  m_Layer: 0
  m_Name: index2.L
  m_TagString: Untagged
  m_Icon: {fileID: 0}
  m_NavMeshLayer: 0
  m_StaticEditorFlags: 0
  m_IsActive: 1
--- !u!4 &7870626969161590955
Transform:
  m_ObjectHideFlags: 0
  m_CorrespondingSourceObject: {fileID: 0}
  m_PrefabInstance: {fileID: 0}
  m_PrefabAsset: {fileID: 0}
  m_GameObject: {fileID: 7870626969161561291}
  m_LocalRotation: {x: -0.010315677, y: 0.01833649, z: 0.6255836, w: 0.7798735}
  m_LocalPosition: {x: 5.960465e-11, y: 0.00048247978, z: -8.195639e-11}
  m_LocalScale: {x: 1.0000001, y: 1, z: 1}
  m_Children:
  - {fileID: 7870626969161590959}
  m_Father: {fileID: 7870626969161590935}
  m_RootOrder: 0
  m_LocalEulerAnglesHint: {x: 0, y: 0, z: 0}
--- !u!1 &7870626969161561293
GameObject:
  m_ObjectHideFlags: 0
  m_CorrespondingSourceObject: {fileID: 0}
  m_PrefabInstance: {fileID: 0}
  m_PrefabAsset: {fileID: 0}
  serializedVersion: 6
  m_Component:
  - component: {fileID: 7870626969161590957}
  m_Layer: 0
  m_Name: index3.R
  m_TagString: Untagged
  m_Icon: {fileID: 0}
  m_NavMeshLayer: 0
  m_StaticEditorFlags: 0
  m_IsActive: 1
--- !u!4 &7870626969161590957
Transform:
  m_ObjectHideFlags: 0
  m_CorrespondingSourceObject: {fileID: 0}
  m_PrefabInstance: {fileID: 0}
  m_PrefabAsset: {fileID: 0}
  m_GameObject: {fileID: 7870626969161561293}
  m_LocalRotation: {x: 0.00043998702, y: -0.007882164, z: -0.46293914, w: 0.8863549}
  m_LocalPosition: {x: -1.9092114e-10, y: 0.0003659208, z: 0}
  m_LocalScale: {x: 1, y: 1, z: 1.0000001}
  m_Children: []
  m_Father: {fileID: 7870626969161590953}
  m_RootOrder: 0
  m_LocalEulerAnglesHint: {x: 0, y: 0, z: 0}
--- !u!1 &7870626969161561295
GameObject:
  m_ObjectHideFlags: 0
  m_CorrespondingSourceObject: {fileID: 0}
  m_PrefabInstance: {fileID: 0}
  m_PrefabAsset: {fileID: 0}
  serializedVersion: 6
  m_Component:
  - component: {fileID: 7870626969161590959}
  m_Layer: 0
  m_Name: index3.L
  m_TagString: Untagged
  m_Icon: {fileID: 0}
  m_NavMeshLayer: 0
  m_StaticEditorFlags: 0
  m_IsActive: 1
--- !u!4 &7870626969161590959
Transform:
  m_ObjectHideFlags: 0
  m_CorrespondingSourceObject: {fileID: 0}
  m_PrefabInstance: {fileID: 0}
  m_PrefabAsset: {fileID: 0}
  m_GameObject: {fileID: 7870626969161561295}
  m_LocalRotation: {x: -0.0035028232, y: 0.003306501, z: 0.18874885, w: 0.9820136}
  m_LocalPosition: {x: -3.948808e-10, y: 0.0003659289, z: 8.940697e-11}
  m_LocalScale: {x: 1.0000001, y: 1.0000002, z: 1}
  m_Children: []
  m_Father: {fileID: 7870626969161590955}
  m_RootOrder: 0
  m_LocalEulerAnglesHint: {x: 0, y: 0, z: 0}
--- !u!1 &7870626969161561297
GameObject:
  m_ObjectHideFlags: 0
  m_CorrespondingSourceObject: {fileID: 0}
  m_PrefabInstance: {fileID: 0}
  m_PrefabAsset: {fileID: 0}
  serializedVersion: 6
  m_Component:
  - component: {fileID: 7870626969161590961}
  m_Layer: 0
  m_Name: pinky2.R
  m_TagString: Untagged
  m_Icon: {fileID: 0}
  m_NavMeshLayer: 0
  m_StaticEditorFlags: 0
  m_IsActive: 1
--- !u!4 &7870626969161590961
Transform:
  m_ObjectHideFlags: 0
  m_CorrespondingSourceObject: {fileID: 0}
  m_PrefabInstance: {fileID: 0}
  m_PrefabAsset: {fileID: 0}
  m_GameObject: {fileID: 7870626969161561297}
  m_LocalRotation: {x: 0.04205177, y: 0.047682732, z: -0.62346333, w: 0.77926344}
  m_LocalPosition: {x: -4.5448545e-10, y: 0.00035720604, z: 8.940697e-11}
  m_LocalScale: {x: 1.0000001, y: 1.0000001, z: 0.9999999}
  m_Children:
  - {fileID: 7870626969161590965}
  m_Father: {fileID: 7870626969161590973}
  m_RootOrder: 0
  m_LocalEulerAnglesHint: {x: 0, y: 0, z: 0}
--- !u!1 &7870626969161561299
GameObject:
  m_ObjectHideFlags: 0
  m_CorrespondingSourceObject: {fileID: 0}
  m_PrefabInstance: {fileID: 0}
  m_PrefabAsset: {fileID: 0}
  serializedVersion: 6
  m_Component:
  - component: {fileID: 7870626969161590963}
  m_Layer: 0
  m_Name: pinky2.L
  m_TagString: Untagged
  m_Icon: {fileID: 0}
  m_NavMeshLayer: 0
  m_StaticEditorFlags: 0
  m_IsActive: 1
--- !u!4 &7870626969161590963
Transform:
  m_ObjectHideFlags: 0
  m_CorrespondingSourceObject: {fileID: 0}
  m_PrefabInstance: {fileID: 0}
  m_PrefabAsset: {fileID: 0}
  m_GameObject: {fileID: 7870626969161561299}
  m_LocalRotation: {x: 0.12246999, y: -0.06809903, z: 0.350111, w: 0.9261673}
  m_LocalPosition: {x: -5.401671e-11, y: 0.00035721448, z: 7.543713e-11}
  m_LocalScale: {x: 1, y: 1, z: 1.0000001}
  m_Children:
  - {fileID: 7870626969161590967}
  m_Father: {fileID: 7870626969161590975}
  m_RootOrder: 0
  m_LocalEulerAnglesHint: {x: 0, y: 0, z: 0}
--- !u!1 &7870626969161561301
GameObject:
  m_ObjectHideFlags: 0
  m_CorrespondingSourceObject: {fileID: 0}
  m_PrefabInstance: {fileID: 0}
  m_PrefabAsset: {fileID: 0}
  serializedVersion: 6
  m_Component:
  - component: {fileID: 7870626969161590965}
  m_Layer: 0
  m_Name: pinky3.R
  m_TagString: Untagged
  m_Icon: {fileID: 0}
  m_NavMeshLayer: 0
  m_StaticEditorFlags: 0
  m_IsActive: 1
--- !u!4 &7870626969161590965
Transform:
  m_ObjectHideFlags: 0
  m_CorrespondingSourceObject: {fileID: 0}
  m_PrefabInstance: {fileID: 0}
  m_PrefabAsset: {fileID: 0}
  m_GameObject: {fileID: 7870626969161561301}
  m_LocalRotation: {x: 0.04168429, y: 0.001446827, z: -0.4769971, w: 0.8779146}
  m_LocalPosition: {x: -1.6391279e-10, y: 0.0002512666, z: 2.9802324e-11}
  m_LocalScale: {x: 0.9999998, y: 0.99999994, z: 0.99999994}
  m_Children: []
  m_Father: {fileID: 7870626969161590961}
  m_RootOrder: 0
  m_LocalEulerAnglesHint: {x: 0, y: 0, z: 0}
--- !u!1 &7870626969161561303
GameObject:
  m_ObjectHideFlags: 0
  m_CorrespondingSourceObject: {fileID: 0}
  m_PrefabInstance: {fileID: 0}
  m_PrefabAsset: {fileID: 0}
  serializedVersion: 6
  m_Component:
  - component: {fileID: 7870626969161590967}
  m_Layer: 0
  m_Name: pinky3.L
  m_TagString: Untagged
  m_Icon: {fileID: 0}
  m_NavMeshLayer: 0
  m_StaticEditorFlags: 0
  m_IsActive: 1
--- !u!4 &7870626969161590967
Transform:
  m_ObjectHideFlags: 0
  m_CorrespondingSourceObject: {fileID: 0}
  m_PrefabInstance: {fileID: 0}
  m_PrefabAsset: {fileID: 0}
  m_GameObject: {fileID: 7870626969161561303}
  m_LocalRotation: {x: 0.06758344, y: -0.018590301, z: 0.38140967, w: 0.9217448}
  m_LocalPosition: {x: -2.384186e-10, y: 0.00025127167, z: 2.0861626e-10}
  m_LocalScale: {x: 1, y: 1.0000002, z: 1}
  m_Children: []
  m_Father: {fileID: 7870626969161590963}
  m_RootOrder: 0
  m_LocalEulerAnglesHint: {x: 0, y: 0, z: 0}
--- !u!1 &7870626969161561305
GameObject:
  m_ObjectHideFlags: 0
  m_CorrespondingSourceObject: {fileID: 0}
  m_PrefabInstance: {fileID: 0}
  m_PrefabAsset: {fileID: 0}
  serializedVersion: 6
  m_Component:
  - component: {fileID: 7870626969161590969}
  m_Layer: 0
  m_Name: middle3.R
  m_TagString: Untagged
  m_Icon: {fileID: 0}
  m_NavMeshLayer: 0
  m_StaticEditorFlags: 0
  m_IsActive: 1
--- !u!4 &7870626969161590969
Transform:
  m_ObjectHideFlags: 0
  m_CorrespondingSourceObject: {fileID: 0}
  m_PrefabInstance: {fileID: 0}
  m_PrefabAsset: {fileID: 0}
  m_GameObject: {fileID: 7870626969161561305}
  m_LocalRotation: {x: 0.010737896, y: 0.007954148, z: -0.5115725, w: 0.8591362}
  m_LocalPosition: {x: 8.5681684e-11, y: 0.0003398382, z: 1.8626452e-12}
  m_LocalScale: {x: 0.9999999, y: 0.99999994, z: 0.99999994}
  m_Children: []
  m_Father: {fileID: 7870626969161590949}
  m_RootOrder: 0
  m_LocalEulerAnglesHint: {x: 0, y: 0, z: 0}
--- !u!1 &7870626969161561307
GameObject:
  m_ObjectHideFlags: 0
  m_CorrespondingSourceObject: {fileID: 0}
  m_PrefabInstance: {fileID: 0}
  m_PrefabAsset: {fileID: 0}
  serializedVersion: 6
  m_Component:
  - component: {fileID: 7870626969161590971}
  m_Layer: 0
  m_Name: middle3.L
  m_TagString: Untagged
  m_Icon: {fileID: 0}
  m_NavMeshLayer: 0
  m_StaticEditorFlags: 0
  m_IsActive: 1
--- !u!4 &7870626969161590971
Transform:
  m_ObjectHideFlags: 0
  m_CorrespondingSourceObject: {fileID: 0}
  m_PrefabInstance: {fileID: 0}
  m_PrefabAsset: {fileID: 0}
  m_GameObject: {fileID: 7870626969161561307}
  m_LocalRotation: {x: 0.00054532656, y: -0.0011579413, z: 0.5553536, w: 0.8316134}
  m_LocalPosition: {x: 5.960465e-11, y: 0.00033984627, z: 8.940697e-11}
  m_LocalScale: {x: 0.99999994, y: 1, z: 0.99999994}
  m_Children: []
  m_Father: {fileID: 7870626969161590951}
  m_RootOrder: 0
  m_LocalEulerAnglesHint: {x: 0, y: 0, z: 0}
--- !u!1 &7870626969161561309
GameObject:
  m_ObjectHideFlags: 0
  m_CorrespondingSourceObject: {fileID: 0}
  m_PrefabInstance: {fileID: 0}
  m_PrefabAsset: {fileID: 0}
  serializedVersion: 6
  m_Component:
  - component: {fileID: 7870626969161590973}
  m_Layer: 0
  m_Name: pinky1.R
  m_TagString: Untagged
  m_Icon: {fileID: 0}
  m_NavMeshLayer: 0
  m_StaticEditorFlags: 0
  m_IsActive: 1
--- !u!4 &7870626969161590973
Transform:
  m_ObjectHideFlags: 0
  m_CorrespondingSourceObject: {fileID: 0}
  m_PrefabInstance: {fileID: 0}
  m_PrefabAsset: {fileID: 0}
  m_GameObject: {fileID: 7870626969161561309}
  m_LocalRotation: {x: -0.041204765, y: 0.020068187, z: -0.43764132, w: 0.8979808}
  m_LocalPosition: {x: 0.0000063959737, y: 0.0019929493, z: -0.0005519562}
  m_LocalScale: {x: 0.99999994, y: 1, z: 1}
  m_Children:
  - {fileID: 7870626969161590961}
  m_Father: {fileID: 7870626969161590941}
  m_RootOrder: 3
  m_LocalEulerAnglesHint: {x: 0, y: 0, z: 0}
--- !u!1 &7870626969161561311
GameObject:
  m_ObjectHideFlags: 0
  m_CorrespondingSourceObject: {fileID: 0}
  m_PrefabInstance: {fileID: 0}
  m_PrefabAsset: {fileID: 0}
  serializedVersion: 6
  m_Component:
  - component: {fileID: 7870626969161590975}
  m_Layer: 0
  m_Name: pinky1.L
  m_TagString: Untagged
  m_Icon: {fileID: 0}
  m_NavMeshLayer: 0
  m_StaticEditorFlags: 0
  m_IsActive: 1
--- !u!4 &7870626969161590975
Transform:
  m_ObjectHideFlags: 0
  m_CorrespondingSourceObject: {fileID: 0}
  m_PrefabInstance: {fileID: 0}
  m_PrefabAsset: {fileID: 0}
  m_GameObject: {fileID: 7870626969161561311}
  m_LocalRotation: {x: -0.009153727, y: -0.03798789, z: 0.755416, w: 0.6540794}
  m_LocalPosition: {x: -0.0000044867024, y: 0.0019977544, z: -0.0005519564}
  m_LocalScale: {x: 1, y: 1, z: 0.9999998}
  m_Children:
  - {fileID: 7870626969161590963}
  m_Father: {fileID: 7870626969161590943}
  m_RootOrder: 2
  m_LocalEulerAnglesHint: {x: 0, y: 0, z: 0}
--- !u!1 &7870626969161561313
GameObject:
  m_ObjectHideFlags: 0
  m_CorrespondingSourceObject: {fileID: 0}
  m_PrefabInstance: {fileID: 0}
  m_PrefabAsset: {fileID: 0}
  serializedVersion: 6
  m_Component:
  - component: {fileID: 7870626969161590977}
  m_Layer: 0
  m_Name: ring3.R
  m_TagString: Untagged
  m_Icon: {fileID: 0}
  m_NavMeshLayer: 0
  m_StaticEditorFlags: 0
  m_IsActive: 1
--- !u!4 &7870626969161590977
Transform:
  m_ObjectHideFlags: 0
  m_CorrespondingSourceObject: {fileID: 0}
  m_PrefabInstance: {fileID: 0}
  m_PrefabAsset: {fileID: 0}
  m_GameObject: {fileID: 7870626969161561313}
  m_LocalRotation: {x: -0.011487461, y: 0.0014035478, z: -0.46956527, w: 0.8828219}
  m_LocalPosition: {x: -5.2154066e-11, y: 0.00031257412, z: 3.7252905e-12}
  m_LocalScale: {x: 1, y: 1, z: 1.0000001}
  m_Children: []
  m_Father: {fileID: 7870626969161590989}
  m_RootOrder: 0
  m_LocalEulerAnglesHint: {x: 0, y: 0, z: 0}
--- !u!1 &7870626969161561315
GameObject:
  m_ObjectHideFlags: 0
  m_CorrespondingSourceObject: {fileID: 0}
  m_PrefabInstance: {fileID: 0}
  m_PrefabAsset: {fileID: 0}
  serializedVersion: 6
  m_Component:
  - component: {fileID: 7870626969161590979}
  m_Layer: 0
  m_Name: ring3.L
  m_TagString: Untagged
  m_Icon: {fileID: 0}
  m_NavMeshLayer: 0
  m_StaticEditorFlags: 0
  m_IsActive: 1
--- !u!4 &7870626969161590979
Transform:
  m_ObjectHideFlags: 0
  m_CorrespondingSourceObject: {fileID: 0}
  m_PrefabInstance: {fileID: 0}
  m_PrefabAsset: {fileID: 0}
  m_GameObject: {fileID: 7870626969161561315}
  m_LocalRotation: {x: 0.075231515, y: 0.0058649112, z: 0.4534271, w: 0.8880933}
  m_LocalPosition: {x: 4.1723253e-10, y: 0.00031258079, z: -1.4901162e-10}
  m_LocalScale: {x: 1, y: 1, z: 0.9999999}
  m_Children: []
  m_Father: {fileID: 7870626969161590991}
  m_RootOrder: 0
  m_LocalEulerAnglesHint: {x: 0, y: 0, z: 0}
--- !u!1 &7870626969161561317
GameObject:
  m_ObjectHideFlags: 0
  m_CorrespondingSourceObject: {fileID: 0}
  m_PrefabInstance: {fileID: 0}
  m_PrefabAsset: {fileID: 0}
  serializedVersion: 6
  m_Component:
  - component: {fileID: 7870626969161590981}
  m_Layer: 0
  m_Name: thumb1.R
  m_TagString: Untagged
  m_Icon: {fileID: 0}
  m_NavMeshLayer: 0
  m_StaticEditorFlags: 0
  m_IsActive: 1
--- !u!4 &7870626969161590981
Transform:
  m_ObjectHideFlags: 0
  m_CorrespondingSourceObject: {fileID: 0}
  m_PrefabInstance: {fileID: 0}
  m_PrefabAsset: {fileID: 0}
  m_GameObject: {fileID: 7870626969161561317}
  m_LocalRotation: {x: 0.38468745, y: 0.038018443, z: -0.11366112, w: 0.91523296}
  m_LocalPosition: {x: 0.00033942566, y: 0.00096288335, z: 0.0004947163}
  m_LocalScale: {x: 1, y: 0.99999994, z: 0.99999994}
  m_Children:
  - {fileID: 7870626969161591001}
  m_Father: {fileID: 7870626969161590941}
  m_RootOrder: 5
  m_LocalEulerAnglesHint: {x: 0, y: 0, z: 0}
--- !u!1 &7870626969161561319
GameObject:
  m_ObjectHideFlags: 0
  m_CorrespondingSourceObject: {fileID: 0}
  m_PrefabInstance: {fileID: 0}
  m_PrefabAsset: {fileID: 0}
  serializedVersion: 6
  m_Component:
  - component: {fileID: 7870626969161590983}
  m_Layer: 0
  m_Name: thumb1.L
  m_TagString: Untagged
  m_Icon: {fileID: 0}
  m_NavMeshLayer: 0
  m_StaticEditorFlags: 0
  m_IsActive: 1
--- !u!4 &7870626969161590983
Transform:
  m_ObjectHideFlags: 0
  m_CorrespondingSourceObject: {fileID: 0}
  m_PrefabInstance: {fileID: 0}
  m_PrefabAsset: {fileID: 0}
  m_GameObject: {fileID: 7870626969161561319}
  m_LocalRotation: {x: 0.40189764, y: -0.16317418, z: 0.1816341, w: 0.88253134}
  m_LocalPosition: {x: -0.00033942534, y: 0.00096290675, z: 0.0004947163}
  m_LocalScale: {x: 1, y: 0.99999994, z: 1}
  m_Children:
  - {fileID: 7870626969161591003}
  m_Father: {fileID: 7870626969161590943}
  m_RootOrder: 4
  m_LocalEulerAnglesHint: {x: 0, y: 0, z: 0}
--- !u!1 &7870626969161561321
GameObject:
  m_ObjectHideFlags: 0
  m_CorrespondingSourceObject: {fileID: 0}
  m_PrefabInstance: {fileID: 0}
  m_PrefabAsset: {fileID: 0}
  serializedVersion: 6
  m_Component:
  - component: {fileID: 7870626969161590985}
  m_Layer: 0
  m_Name: ring1.R
  m_TagString: Untagged
  m_Icon: {fileID: 0}
  m_NavMeshLayer: 0
  m_StaticEditorFlags: 0
  m_IsActive: 1
--- !u!4 &7870626969161590985
Transform:
  m_ObjectHideFlags: 0
  m_CorrespondingSourceObject: {fileID: 0}
  m_PrefabInstance: {fileID: 0}
  m_PrefabAsset: {fileID: 0}
  m_GameObject: {fileID: 7870626969161561321}
  m_LocalRotation: {x: -0.032335367, y: 0.015747411, z: -0.43781838, w: 0.8983438}
  m_LocalPosition: {x: 0.000041820265, y: 0.0020206594, z: -0.0002412253}
  m_LocalScale: {x: 0.99999994, y: 1, z: 0.9999999}
  m_Children:
  - {fileID: 7870626969161590989}
  m_Father: {fileID: 7870626969161590941}
  m_RootOrder: 4
  m_LocalEulerAnglesHint: {x: 0, y: 0, z: 0}
--- !u!1 &7870626969161561323
GameObject:
  m_ObjectHideFlags: 0
  m_CorrespondingSourceObject: {fileID: 0}
  m_PrefabInstance: {fileID: 0}
  m_PrefabAsset: {fileID: 0}
  serializedVersion: 6
  m_Component:
  - component: {fileID: 7870626969161590987}
  m_Layer: 0
  m_Name: ring1.L
  m_TagString: Untagged
  m_Icon: {fileID: 0}
  m_NavMeshLayer: 0
  m_StaticEditorFlags: 0
  m_IsActive: 1
--- !u!4 &7870626969161590987
Transform:
  m_ObjectHideFlags: 0
  m_CorrespondingSourceObject: {fileID: 0}
  m_PrefabInstance: {fileID: 0}
  m_PrefabAsset: {fileID: 0}
  m_GameObject: {fileID: 7870626969161561323}
  m_LocalRotation: {x: -0.00991528, y: -0.0126857795, z: 0.6718755, w: 0.7404891}
  m_LocalPosition: {x: -0.00004924218, y: 0.0020022064, z: -0.00024122531}
  m_LocalScale: {x: 0.9999998, y: 0.9999999, z: 0.99999994}
  m_Children:
  - {fileID: 7870626969161590991}
  m_Father: {fileID: 7870626969161590943}
  m_RootOrder: 3
  m_LocalEulerAnglesHint: {x: 0, y: 0, z: 0}
--- !u!1 &7870626969161561325
GameObject:
  m_ObjectHideFlags: 0
  m_CorrespondingSourceObject: {fileID: 0}
  m_PrefabInstance: {fileID: 0}
  m_PrefabAsset: {fileID: 0}
  serializedVersion: 6
  m_Component:
  - component: {fileID: 7870626969161590989}
  m_Layer: 0
  m_Name: ring2.R
  m_TagString: Untagged
  m_Icon: {fileID: 0}
  m_NavMeshLayer: 0
  m_StaticEditorFlags: 0
  m_IsActive: 1
--- !u!4 &7870626969161590989
Transform:
  m_ObjectHideFlags: 0
  m_CorrespondingSourceObject: {fileID: 0}
  m_PrefabInstance: {fileID: 0}
  m_PrefabAsset: {fileID: 0}
  m_GameObject: {fileID: 7870626969161561325}
  m_LocalRotation: {x: 0.053998478, y: 0.053321023, z: -0.7208268, w: 0.68894833}
  m_LocalPosition: {x: 3.1106176e-10, y: 0.00045500774, z: 0}
  m_LocalScale: {x: 1.0000001, y: 1, z: 1}
  m_Children:
  - {fileID: 7870626969161590977}
  m_Father: {fileID: 7870626969161590985}
  m_RootOrder: 0
  m_LocalEulerAnglesHint: {x: 0, y: 0, z: 0}
--- !u!1 &7870626969161561327
GameObject:
  m_ObjectHideFlags: 0
  m_CorrespondingSourceObject: {fileID: 0}
  m_PrefabInstance: {fileID: 0}
  m_PrefabAsset: {fileID: 0}
  serializedVersion: 6
  m_Component:
  - component: {fileID: 7870626969161590991}
  m_Layer: 0
  m_Name: ring2.L
  m_TagString: Untagged
  m_Icon: {fileID: 0}
  m_NavMeshLayer: 0
  m_StaticEditorFlags: 0
  m_IsActive: 1
--- !u!4 &7870626969161590991
Transform:
  m_ObjectHideFlags: 0
  m_CorrespondingSourceObject: {fileID: 0}
  m_PrefabInstance: {fileID: 0}
  m_PrefabAsset: {fileID: 0}
  m_GameObject: {fileID: 7870626969161561327}
  m_LocalRotation: {x: 0.03897346, y: -0.104603976, z: 0.6167138, w: 0.77923244}
  m_LocalPosition: {x: -7.264316e-11, y: 0.00045501872, z: 6.705523e-11}
  m_LocalScale: {x: 1, y: 0.99999994, z: 0.9999999}
  m_Children:
  - {fileID: 7870626969161590979}
  m_Father: {fileID: 7870626969161590987}
  m_RootOrder: 0
  m_LocalEulerAnglesHint: {x: 0, y: 0, z: 0}
--- !u!1 &7870626969161561329
GameObject:
  m_ObjectHideFlags: 0
  m_CorrespondingSourceObject: {fileID: 0}
  m_PrefabInstance: {fileID: 0}
  m_PrefabAsset: {fileID: 0}
  serializedVersion: 6
  m_Component:
  - component: {fileID: 7870626969161590993}
  m_Layer: 0
  m_Name: upper.R
  m_TagString: Untagged
  m_Icon: {fileID: 0}
  m_NavMeshLayer: 0
  m_StaticEditorFlags: 0
  m_IsActive: 1
--- !u!4 &7870626969161590993
Transform:
  m_ObjectHideFlags: 0
  m_CorrespondingSourceObject: {fileID: 0}
  m_PrefabInstance: {fileID: 0}
  m_PrefabAsset: {fileID: 0}
  m_GameObject: {fileID: 7870626969161561329}
  m_LocalRotation: {x: 0.51989925, y: 0.8477744, z: -0.10459786, w: 0.0065280036}
  m_LocalPosition: {x: -0.000028278322, y: 0.003041242, z: -1.8626452e-12}
  m_LocalScale: {x: 1.0000004, y: 1, z: 0.99999994}
  m_Children:
  - {fileID: 7870626969161590937}
  m_Father: {fileID: 7870626969161590925}
  m_RootOrder: 0
  m_LocalEulerAnglesHint: {x: 0, y: 0, z: 0}
--- !u!1 &7870626969161561331
GameObject:
  m_ObjectHideFlags: 0
  m_CorrespondingSourceObject: {fileID: 0}
  m_PrefabInstance: {fileID: 0}
  m_PrefabAsset: {fileID: 0}
  serializedVersion: 6
  m_Component:
  - component: {fileID: 7870626969161590995}
  m_Layer: 0
  m_Name: upper.L
  m_TagString: Untagged
  m_Icon: {fileID: 0}
  m_NavMeshLayer: 0
  m_StaticEditorFlags: 0
  m_IsActive: 1
--- !u!4 &7870626969161590995
Transform:
  m_ObjectHideFlags: 0
  m_CorrespondingSourceObject: {fileID: 0}
  m_PrefabInstance: {fileID: 0}
  m_PrefabAsset: {fileID: 0}
  m_GameObject: {fileID: 7870626969161561331}
  m_LocalRotation: {x: 0.7553187, y: -0.6330553, z: 0.15999871, w: -0.0559914}
  m_LocalPosition: {x: 0.000028278591, y: 0.0030412416, z: 1.8626452e-12}
  m_LocalScale: {x: 1.0000002, y: 0.9999994, z: 1}
  m_Children:
  - {fileID: 7870626969161590939}
  m_Father: {fileID: 7870626969161590927}
  m_RootOrder: 0
  m_LocalEulerAnglesHint: {x: 0, y: 0, z: 0}
--- !u!1 &7870626969161561335
GameObject:
  m_ObjectHideFlags: 0
  m_CorrespondingSourceObject: {fileID: 0}
  m_PrefabInstance: {fileID: 0}
  m_PrefabAsset: {fileID: 0}
  serializedVersion: 6
  m_Component:
  - component: {fileID: 7870626969161590999}
  - component: {fileID: 7870626969168807787}
  - component: {fileID: 3352695162392407774}
  - component: {fileID: 3352695161861718079}
  m_Layer: 0
  m_Name: SwordViewModel
  m_TagString: Untagged
  m_Icon: {fileID: 0}
  m_NavMeshLayer: 0
  m_StaticEditorFlags: 0
  m_IsActive: 1
--- !u!4 &7870626969161590999
Transform:
  m_ObjectHideFlags: 0
  m_CorrespondingSourceObject: {fileID: 0}
  m_PrefabInstance: {fileID: 0}
  m_PrefabAsset: {fileID: 0}
  m_GameObject: {fileID: 7870626969161561335}
  m_LocalRotation: {x: -0, y: -0, z: -0.021352489, w: 0.999772}
  m_LocalPosition: {x: 0.072, y: -0.198, z: 0.129}
  m_LocalScale: {x: 1, y: 1, z: 1}
  m_Children:
  - {fileID: 7870626969161590923}
  - {fileID: 7870626969161590921}
  m_Father: {fileID: 0}
  m_RootOrder: 0
  m_LocalEulerAnglesHint: {x: 0, y: 0, z: -2.447}
--- !u!95 &7870626969168807787
Animator:
  serializedVersion: 3
  m_ObjectHideFlags: 0
  m_CorrespondingSourceObject: {fileID: 0}
  m_PrefabInstance: {fileID: 0}
  m_PrefabAsset: {fileID: 0}
  m_GameObject: {fileID: 7870626969161561335}
  m_Enabled: 1
  m_Avatar: {fileID: 9000000, guid: 02b77cf2c4fc8ea408be230e745c7ad2, type: 3}
  m_Controller: {fileID: 9100000, guid: 46853cf49eb99174b9986735c1f725e7, type: 2}
  m_CullingMode: 1
  m_UpdateMode: 0
  m_ApplyRootMotion: 0
  m_LinearVelocityBlending: 0
  m_WarningMessage: 
  m_HasTransformHierarchy: 1
  m_AllowConstantClipSamplingOptimization: 1
  m_KeepAnimatorControllerStateOnDisable: 0
--- !u!114 &3352695162392407774
MonoBehaviour:
  m_ObjectHideFlags: 0
  m_CorrespondingSourceObject: {fileID: 0}
  m_PrefabInstance: {fileID: 0}
  m_PrefabAsset: {fileID: 0}
  m_GameObject: {fileID: 7870626969161561335}
  m_Enabled: 1
  m_EditorHideFlags: 0
  m_Script: {fileID: 11500000, guid: def703bddeb8dac47886dcadfcb0bcef, type: 3}
  m_Name: 
  m_EditorClassIdentifier: 
  targetObjects:
  - {fileID: 7870626969161561249}
--- !u!114 &3352695161861718079
MonoBehaviour:
  m_ObjectHideFlags: 0
  m_CorrespondingSourceObject: {fileID: 0}
  m_PrefabInstance: {fileID: 0}
  m_PrefabAsset: {fileID: 0}
  m_GameObject: {fileID: 7870626969161561335}
  m_Enabled: 1
  m_EditorHideFlags: 0
  m_Script: {fileID: 11500000, guid: 1520c11be180da14e8b5f3921cfb1c5b, type: 3}
  m_Name: 
  m_EditorClassIdentifier: 
  audioSource: {fileID: 0}
  accessString: 
  volume: 1
--- !u!1 &7870626969161561337
GameObject:
  m_ObjectHideFlags: 0
  m_CorrespondingSourceObject: {fileID: 0}
  m_PrefabInstance: {fileID: 0}
  m_PrefabAsset: {fileID: 0}
  serializedVersion: 6
  m_Component:
  - component: {fileID: 7870626969161591001}
  m_Layer: 0
  m_Name: thumb2.R
  m_TagString: Untagged
  m_Icon: {fileID: 0}
  m_NavMeshLayer: 0
  m_StaticEditorFlags: 0
  m_IsActive: 1
--- !u!4 &7870626969161591001
Transform:
  m_ObjectHideFlags: 0
  m_CorrespondingSourceObject: {fileID: 0}
  m_PrefabInstance: {fileID: 0}
  m_PrefabAsset: {fileID: 0}
  m_GameObject: {fileID: 7870626969161561337}
  m_LocalRotation: {x: -0.4302444, y: -0.04054699, z: -0.08142477, w: 0.8981179}
  m_LocalPosition: {x: 2.2351743e-10, y: 0.000352708, z: 1.7881394e-10}
  m_LocalScale: {x: 0.9999999, y: 1, z: 0.99999994}
  m_Children:
  - {fileID: 7870626969161591005}
  m_Father: {fileID: 7870626969161590981}
  m_RootOrder: 0
  m_LocalEulerAnglesHint: {x: 0, y: 0, z: 0}
--- !u!1 &7870626969161561339
GameObject:
  m_ObjectHideFlags: 0
  m_CorrespondingSourceObject: {fileID: 0}
  m_PrefabInstance: {fileID: 0}
  m_PrefabAsset: {fileID: 0}
  serializedVersion: 6
  m_Component:
  - component: {fileID: 7870626969161591003}
  m_Layer: 0
  m_Name: thumb2.L
  m_TagString: Untagged
  m_Icon: {fileID: 0}
  m_NavMeshLayer: 0
  m_StaticEditorFlags: 0
  m_IsActive: 1
--- !u!4 &7870626969161591003
Transform:
  m_ObjectHideFlags: 0
  m_CorrespondingSourceObject: {fileID: 0}
  m_PrefabInstance: {fileID: 0}
  m_PrefabAsset: {fileID: 0}
  m_GameObject: {fileID: 7870626969161561339}
  m_LocalRotation: {x: -0.40168855, y: 0.10638511, z: -0.00492685, w: 0.9095627}
  m_LocalPosition: {x: -3.3527615e-11, y: 0.00035271246, z: 5.960465e-11}
  m_LocalScale: {x: 1.0000001, y: 1.0000001, z: 1}
  m_Children:
  - {fileID: 7870626969161591007}
  m_Father: {fileID: 7870626969161590983}
  m_RootOrder: 0
  m_LocalEulerAnglesHint: {x: 0, y: 0, z: 0}
--- !u!1 &7870626969161561341
GameObject:
  m_ObjectHideFlags: 0
  m_CorrespondingSourceObject: {fileID: 0}
  m_PrefabInstance: {fileID: 0}
  m_PrefabAsset: {fileID: 0}
  serializedVersion: 6
  m_Component:
  - component: {fileID: 7870626969161591005}
  m_Layer: 0
  m_Name: thumb3.R
  m_TagString: Untagged
  m_Icon: {fileID: 0}
  m_NavMeshLayer: 0
  m_StaticEditorFlags: 0
  m_IsActive: 1
--- !u!4 &7870626969161591005
Transform:
  m_ObjectHideFlags: 0
  m_CorrespondingSourceObject: {fileID: 0}
  m_PrefabInstance: {fileID: 0}
  m_PrefabAsset: {fileID: 0}
  m_GameObject: {fileID: 7870626969161561341}
  m_LocalRotation: {x: -0.1537505, y: -0.020592395, z: 0.08982333, w: 0.9838031}
  m_LocalPosition: {x: 8.5681684e-11, y: 0.00038640702, z: -7.450581e-11}
  m_LocalScale: {x: 0.99999994, y: 0.9999998, z: 0.99999994}
  m_Children: []
  m_Father: {fileID: 7870626969161591001}
  m_RootOrder: 0
  m_LocalEulerAnglesHint: {x: 0, y: 0, z: 0}
--- !u!1 &7870626969161561343
GameObject:
  m_ObjectHideFlags: 0
  m_CorrespondingSourceObject: {fileID: 0}
  m_PrefabInstance: {fileID: 0}
  m_PrefabAsset: {fileID: 0}
  serializedVersion: 6
  m_Component:
  - component: {fileID: 7870626969161591007}
  m_Layer: 0
  m_Name: thumb3.L
  m_TagString: Untagged
  m_Icon: {fileID: 0}
  m_NavMeshLayer: 0
  m_StaticEditorFlags: 0
  m_IsActive: 1
--- !u!4 &7870626969161591007
Transform:
  m_ObjectHideFlags: 0
  m_CorrespondingSourceObject: {fileID: 0}
  m_PrefabInstance: {fileID: 0}
  m_PrefabAsset: {fileID: 0}
  m_GameObject: {fileID: 7870626969161561343}
  m_LocalRotation: {x: -0.3469178, y: 0.07018701, z: -0.051393803, w: 0.9338525}
  m_LocalPosition: {x: -1.0430813e-10, y: 0.00038641566, z: 1.4901162e-10}
  m_LocalScale: {x: 1, y: 0.9999999, z: 0.9999998}
  m_Children: []
  m_Father: {fileID: 7870626969161591003}
  m_RootOrder: 0
  m_LocalEulerAnglesHint: {x: 0, y: 0, z: 0}
