%YAML 1.1
%TAG !u! tag:unity3d.com,2011:
--- !u!1 &2263414640517029014
GameObject:
  m_ObjectHideFlags: 0
  m_CorrespondingSourceObject: {fileID: 0}
  m_PrefabInstance: {fileID: 0}
  m_PrefabAsset: {fileID: 0}
  serializedVersion: 6
  m_Component:
  - component: {fileID: 7381703324139575963}
  - component: {fileID: 2396924227754670921}
  - component: {fileID: 2008808467586687922}
  m_Layer: 12
  m_Name: WeaponCollider
  m_TagString: Untagged
  m_Icon: {fileID: 0}
  m_NavMeshLayer: 0
  m_StaticEditorFlags: 0
  m_IsActive: 1
--- !u!4 &7381703324139575963
Transform:
  m_ObjectHideFlags: 0
  m_CorrespondingSourceObject: {fileID: 0}
  m_PrefabInstance: {fileID: 0}
  m_PrefabAsset: {fileID: 0}
  m_GameObject: {fileID: 2263414640517029014}
  m_LocalRotation: {x: 0.000000044703484, y: -0.00000020861626, z: 0.1951418, w: 0.98077506}
  m_LocalPosition: {x: 0.0028, y: -0.00717, z: -0.00027}
  m_LocalScale: {x: 0.004762056, y: 0.0092448825, z: 0.003530268}
  m_Children: []
  m_Father: {fileID: 6590045396760348164}
  m_RootOrder: 0
  m_LocalEulerAnglesHint: {x: 0, y: 0, z: 22.506}
--- !u!65 &2396924227754670921
BoxCollider:
  m_ObjectHideFlags: 0
  m_CorrespondingSourceObject: {fileID: 0}
  m_PrefabInstance: {fileID: 0}
  m_PrefabAsset: {fileID: 0}
  m_GameObject: {fileID: 2263414640517029014}
  m_Material: {fileID: 0}
  m_IsTrigger: 1
  m_Enabled: 0
  serializedVersion: 2
  m_Size: {x: 0.9399831, y: 0.54347646, z: 0.4818569}
  m_Center: {x: 0.21820712, y: -0.1298095, z: -0.013051663}
--- !u!114 &2008808467586687922
MonoBehaviour:
  m_ObjectHideFlags: 0
  m_CorrespondingSourceObject: {fileID: 0}
  m_PrefabInstance: {fileID: 0}
  m_PrefabAsset: {fileID: 0}
  m_GameObject: {fileID: 2263414640517029014}
  m_Enabled: 1
  m_EditorHideFlags: 0
  m_Script: {fileID: 11500000, guid: cb5968681dc48234a90124f76792662a, type: 3}
  m_Name: 
  m_EditorClassIdentifier: 
--- !u!114 &3903957935596511669
MonoBehaviour:
  m_ObjectHideFlags: 0
  m_CorrespondingSourceObject: {fileID: 0}
  m_PrefabInstance: {fileID: 0}
  m_PrefabAsset: {fileID: 0}
  m_GameObject: {fileID: 6590045396760714186}
  m_Enabled: 1
  m_EditorHideFlags: 0
  m_Script: {fileID: 11500000, guid: def703bddeb8dac47886dcadfcb0bcef, type: 3}
  m_Name: 
  m_EditorClassIdentifier: 
  targetObjects:
  - {fileID: 7488327682914550999}
--- !u!114 &8917406754866585254
MonoBehaviour:
  m_ObjectHideFlags: 0
  m_CorrespondingSourceObject: {fileID: 0}
  m_PrefabInstance: {fileID: 0}
  m_PrefabAsset: {fileID: 0}
  m_GameObject: {fileID: 6590045396760714186}
  m_Enabled: 1
  m_EditorHideFlags: 0
  m_Script: {fileID: 11500000, guid: 1520c11be180da14e8b5f3921cfb1c5b, type: 3}
  m_Name: 
  m_EditorClassIdentifier: 
  audioSource: {fileID: 732562053767257230}
  accessString: 
  volume: 1
--- !u!1 &7488327682914550999
GameObject:
  m_ObjectHideFlags: 0
  m_CorrespondingSourceObject: {fileID: 0}
  m_PrefabInstance: {fileID: 0}
  m_PrefabAsset: {fileID: 0}
  serializedVersion: 6
  m_Component:
  - component: {fileID: 6448432354108871256}
  - component: {fileID: 6621061720059627883}
  - component: {fileID: 8419034355485125122}
  - component: {fileID: 2735594028402787263}
  - component: {fileID: 9167249551487955751}
  - component: {fileID: 732562053767257230}
  - component: {fileID: 7447286290628781214}
  - component: {fileID: 99647339312016003}
  - component: {fileID: 4900958860264180580}
  - component: {fileID: 1589192812429368778}
  m_Layer: 12
  m_Name: Melee_Enemy
  m_TagString: MeleeEnemy
  m_Icon: {fileID: 0}
  m_NavMeshLayer: 0
  m_StaticEditorFlags: 0
  m_IsActive: 1
--- !u!4 &6448432354108871256
Transform:
  m_ObjectHideFlags: 0
  m_CorrespondingSourceObject: {fileID: 0}
  m_PrefabInstance: {fileID: 0}
  m_PrefabAsset: {fileID: 0}
  m_GameObject: {fileID: 7488327682914550999}
  m_LocalRotation: {x: 0, y: 0, z: 0, w: 1}
  m_LocalPosition: {x: 0, y: 0, z: 0}
  m_LocalScale: {x: 1, y: 1, z: 1}
  m_Children:
  - {fileID: 6590045396760348586}
  m_Father: {fileID: 0}
  m_RootOrder: 0
  m_LocalEulerAnglesHint: {x: 0, y: 0, z: 0}
--- !u!114 &6621061720059627883
MonoBehaviour:
  m_ObjectHideFlags: 0
  m_CorrespondingSourceObject: {fileID: 0}
  m_PrefabInstance: {fileID: 0}
  m_PrefabAsset: {fileID: 0}
  m_GameObject: {fileID: 7488327682914550999}
  m_Enabled: 1
  m_EditorHideFlags: 0
  m_Script: {fileID: 11500000, guid: 0f3396fe2f4431e4baa989c2edbcb907, type: 3}
  m_Name: 
  m_EditorClassIdentifier: 
  m_health: 4
  m_DeathSounds: []
  m_AttackSounds: []
  m_TakeDamageSounds: []
  m_Rb: {fileID: 0}
  m_TakeDamageEvent:
    m_PersistentCalls:
      m_Calls:
      - m_Target: {fileID: 7447286290628781214}
        m_MethodName: PlaySoundFromEvent
        m_Mode: 5
        m_Arguments:
          m_ObjectArgument: {fileID: 0}
          m_ObjectArgumentAssemblyTypeName: UnityEngine.Object, UnityEngine
          m_IntArgument: 0
          m_FloatArgument: 0
          m_StringArgument: GruntTakeDmg
          m_BoolArgument: 0
        m_CallState: 2
      - m_Target: {fileID: 6590045396751329390}
        m_MethodName: SetTrigger
        m_Mode: 5
        m_Arguments:
          m_ObjectArgument: {fileID: 0}
          m_ObjectArgumentAssemblyTypeName: UnityEngine.Object, UnityEngine
          m_IntArgument: 0
          m_FloatArgument: 0
          m_StringArgument: GruntOuch
          m_BoolArgument: 0
        m_CallState: 2
      - m_Target: {fileID: 2396924227754670921}
        m_MethodName: set_enabled
        m_Mode: 6
        m_Arguments:
          m_ObjectArgument: {fileID: 0}
          m_ObjectArgumentAssemblyTypeName: UnityEngine.Object, UnityEngine
          m_IntArgument: 0
          m_FloatArgument: 0
          m_StringArgument: 
          m_BoolArgument: 0
        m_CallState: 2
    m_TypeName: UnityEngine.Events.UnityEvent, UnityEngine.CoreModule, Version=0.0.0.0,
      Culture=neutral, PublicKeyToken=null
  m_DeathEvent:
    m_PersistentCalls:
      m_Calls:
      - m_Target: {fileID: 7447286290628781214}
        m_MethodName: PlaySoundFromEvent
        m_Mode: 5
        m_Arguments:
          m_ObjectArgument: {fileID: 0}
          m_ObjectArgumentAssemblyTypeName: UnityEngine.Object, UnityEngine
          m_IntArgument: 0
          m_FloatArgument: 0
          m_StringArgument: GruntDeath
          m_BoolArgument: 0
        m_CallState: 2
    m_TypeName: UnityEngine.Events.UnityEvent, UnityEngine.CoreModule, Version=0.0.0.0,
      Culture=neutral, PublicKeyToken=null
  m_IdleEvent:
    m_PersistentCalls:
      m_Calls:
      - m_Target: {fileID: 4900958860264180580}
        m_MethodName: PlayAnimation
        m_Mode: 5
        m_Arguments:
          m_ObjectArgument: {fileID: 0}
          m_ObjectArgumentAssemblyTypeName: UnityEngine.Object, UnityEngine
          m_IntArgument: 0
          m_FloatArgument: 0
          m_StringArgument: GruntIdle
          m_BoolArgument: 0
        m_CallState: 2
    m_TypeName: UnityEngine.Events.UnityEvent, UnityEngine.CoreModule, Version=0.0.0.0,
      Culture=neutral, PublicKeyToken=null
  m_RunEvent:
    m_PersistentCalls:
      m_Calls:
      - m_Target: {fileID: 4900958860264180580}
        m_MethodName: PlayAnimation
        m_Mode: 5
        m_Arguments:
          m_ObjectArgument: {fileID: 0}
          m_ObjectArgumentAssemblyTypeName: UnityEngine.Object, UnityEngine
          m_IntArgument: 0
          m_FloatArgument: 0
          m_StringArgument: GruntRun
          m_BoolArgument: 0
        m_CallState: 2
    m_TypeName: UnityEngine.Events.UnityEvent, UnityEngine.CoreModule, Version=0.0.0.0,
      Culture=neutral, PublicKeyToken=null
  m_AttackEvent:
    m_PersistentCalls:
      m_Calls:
      - m_Target: {fileID: 4900958860264180580}
        m_MethodName: PlayAnimation
        m_Mode: 5
        m_Arguments:
          m_ObjectArgument: {fileID: 0}
          m_ObjectArgumentAssemblyTypeName: UnityEngine.Object, UnityEngine
          m_IntArgument: 0
          m_FloatArgument: 0
          m_StringArgument: GruntAttack
          m_BoolArgument: 0
        m_CallState: 2
    m_TypeName: UnityEngine.Events.UnityEvent, UnityEngine.CoreModule, Version=0.0.0.0,
      Culture=neutral, PublicKeyToken=null
  m_EnterCombatEvent:
    m_PersistentCalls:
      m_Calls: []
    m_TypeName: UnityEngine.Events.UnityEvent, UnityEngine.CoreModule, Version=0.0.0.0,
      Culture=neutral, PublicKeyToken=null
  avoidanceRange: 5
  standBackRange: 8
  movementStep: 0.07
  weaponHitbox: {fileID: 2396924227754670921}
--- !u!114 &8419034355485125122
MonoBehaviour:
  m_ObjectHideFlags: 0
  m_CorrespondingSourceObject: {fileID: 0}
  m_PrefabInstance: {fileID: 0}
  m_PrefabAsset: {fileID: 0}
  m_GameObject: {fileID: 7488327682914550999}
  m_Enabled: 1
  m_EditorHideFlags: 0
  m_Script: {fileID: 11500000, guid: 44dc52028575cb24494eb9e85aaff395, type: 3}
  m_Name: 
  m_EditorClassIdentifier: 
  colliderToUse: {fileID: 2396924227754670921}
--- !u!136 &2735594028402787263
CapsuleCollider:
  m_ObjectHideFlags: 0
  m_CorrespondingSourceObject: {fileID: 0}
  m_PrefabInstance: {fileID: 0}
  m_PrefabAsset: {fileID: 0}
  m_GameObject: {fileID: 7488327682914550999}
  m_Material: {fileID: 0}
  m_IsTrigger: 0
  m_Enabled: 1
  m_Radius: 0.53454554
  m_Height: 1.6680315
  m_Direction: 1
  m_Center: {x: 0.0020360947, y: -0.16598427, z: 0.051937938}
--- !u!195 &9167249551487955751
NavMeshAgent:
  m_ObjectHideFlags: 0
  m_CorrespondingSourceObject: {fileID: 0}
  m_PrefabInstance: {fileID: 0}
  m_PrefabAsset: {fileID: 0}
  m_GameObject: {fileID: 7488327682914550999}
  m_Enabled: 1
  m_AgentTypeID: 0
  m_Radius: 0.5
  m_Speed: 3.5
  m_Acceleration: 8
  avoidancePriority: 50
  m_AngularSpeed: 360
  m_StoppingDistance: 0
  m_AutoTraverseOffMeshLink: 1
  m_AutoBraking: 1
  m_AutoRepath: 1
  m_Height: 2
  m_BaseOffset: 1
  m_WalkableMask: 4294967295
  m_ObstacleAvoidanceType: 4
--- !u!82 &732562053767257230
AudioSource:
  m_ObjectHideFlags: 0
  m_CorrespondingSourceObject: {fileID: 0}
  m_PrefabInstance: {fileID: 0}
  m_PrefabAsset: {fileID: 0}
  m_GameObject: {fileID: 7488327682914550999}
  m_Enabled: 1
  serializedVersion: 4
  OutputAudioMixerGroup: {fileID: 0}
  m_audioClip: {fileID: 0}
  m_PlayOnAwake: 0
  m_Volume: 1
  m_Pitch: 1
  Loop: 0
  Mute: 0
  Spatialize: 0
  SpatializePostEffects: 0
  Priority: 128
  DopplerLevel: 1
  MinDistance: 1
  MaxDistance: 100
  Pan2D: 0
  rolloffMode: 1
  BypassEffects: 0
  BypassListenerEffects: 0
  BypassReverbZones: 0
  rolloffCustomCurve:
    serializedVersion: 2
    m_Curve:
    - serializedVersion: 3
      time: 0
      value: 1
      inSlope: 0
      outSlope: 0
      tangentMode: 0
      weightedMode: 0
      inWeight: 0.33333334
      outWeight: 0.33333334
    - serializedVersion: 3
      time: 1
      value: 0
      inSlope: 0
      outSlope: 0
      tangentMode: 0
      weightedMode: 0
      inWeight: 0.33333334
      outWeight: 0.33333334
    m_PreInfinity: 2
    m_PostInfinity: 2
    m_RotationOrder: 4
  panLevelCustomCurve:
    serializedVersion: 2
    m_Curve:
    - serializedVersion: 3
      time: 0
      value: 1
      inSlope: 0
      outSlope: 0
      tangentMode: 0
      weightedMode: 0
      inWeight: 0.33333334
      outWeight: 0.33333334
    m_PreInfinity: 2
    m_PostInfinity: 2
    m_RotationOrder: 4
  spreadCustomCurve:
    serializedVersion: 2
    m_Curve:
    - serializedVersion: 3
      time: 0
      value: 0.125
      inSlope: 0
      outSlope: 0
      tangentMode: 0
      weightedMode: 0
      inWeight: 0.33333334
      outWeight: 0.33333334
    m_PreInfinity: 2
    m_PostInfinity: 2
    m_RotationOrder: 4
  reverbZoneMixCustomCurve:
    serializedVersion: 2
    m_Curve:
    - serializedVersion: 3
      time: 0
      value: 1
      inSlope: 0
      outSlope: 0
      tangentMode: 0
      weightedMode: 0
      inWeight: 0.33333334
      outWeight: 0.33333334
    m_PreInfinity: 2
    m_PostInfinity: 2
    m_RotationOrder: 4
--- !u!114 &7447286290628781214
MonoBehaviour:
  m_ObjectHideFlags: 0
  m_CorrespondingSourceObject: {fileID: 0}
  m_PrefabInstance: {fileID: 0}
  m_PrefabAsset: {fileID: 0}
  m_GameObject: {fileID: 7488327682914550999}
  m_Enabled: 1
  m_EditorHideFlags: 0
  m_Script: {fileID: 11500000, guid: 1520c11be180da14e8b5f3921cfb1c5b, type: 3}
  m_Name: 
  m_EditorClassIdentifier: 
  audioSource: {fileID: 732562053767257230}
  accessString: 
  volume: 1
--- !u!54 &99647339312016003
Rigidbody:
  m_ObjectHideFlags: 0
  m_CorrespondingSourceObject: {fileID: 0}
  m_PrefabInstance: {fileID: 0}
  m_PrefabAsset: {fileID: 0}
  m_GameObject: {fileID: 7488327682914550999}
  serializedVersion: 2
  m_Mass: 1
  m_Drag: 0
  m_AngularDrag: 0.05
  m_UseGravity: 1
  m_IsKinematic: 1
  m_Interpolate: 0
  m_Constraints: 0
  m_CollisionDetection: 0
--- !u!114 &4900958860264180580
MonoBehaviour:
  m_ObjectHideFlags: 0
  m_CorrespondingSourceObject: {fileID: 0}
  m_PrefabInstance: {fileID: 0}
  m_PrefabAsset: {fileID: 0}
  m_GameObject: {fileID: 7488327682914550999}
  m_Enabled: 1
  m_EditorHideFlags: 0
  m_Script: {fileID: 11500000, guid: 3fb167bbcd00d194cbd2b528df6128c1, type: 3}
  m_Name: 
  m_EditorClassIdentifier: 
  targetAnimator: {fileID: 6590045396751329390}
  trigger: 
  bowAnim: {fileID: 0}
  swordAnim: {fileID: 0}
  sprayAnim: {fileID: 0}
  swordMesh: {fileID: 0}
  swordMesh1: {fileID: 0}
  bowMesh: {fileID: 0}
  arrowMesh: {fileID: 0}
  bowMesh2: {fileID: 0}
  sprayMesh: {fileID: 0}
  sprayMesh1: {fileID: 0}
  sprayMeshArrows: {fileID: 0}
--- !u!114 &1589192812429368778
MonoBehaviour:
  m_ObjectHideFlags: 0
  m_CorrespondingSourceObject: {fileID: 0}
  m_PrefabInstance: {fileID: 0}
  m_PrefabAsset: {fileID: 0}
  m_GameObject: {fileID: 7488327682914550999}
  m_Enabled: 1
  m_EditorHideFlags: 0
  m_Script: {fileID: 11500000, guid: 0267e5151e5e13d448ed351c40e0adb1, type: 3}
  m_Name: 
  m_EditorClassIdentifier: 
  probabilityOfArmour: 60
  armourPieces:
  - {fileID: 6590045396762641770}
  - {fileID: 6590045396762641762}
  - {fileID: 6590045396762641774}
  - {fileID: 6590045396762641772}
  - {fileID: 6590045396762641768}
  - {fileID: 6590045396762641764}
  - {fileID: 6590045396762641766}
--- !u!1001 &6590045396760747278
PrefabInstance:
  m_ObjectHideFlags: 0
  serializedVersion: 2
  m_Modification:
    m_TransformParent: {fileID: 6448432354108871256}
    m_Modifications:
    - target: {fileID: 100036, guid: 3ab7afd8b3c6e504cb4bcb409bd03445, type: 3}
      propertyPath: m_Name
      value: Grunt_spearrun
      objectReference: {fileID: 0}
    - target: {fileID: 100036, guid: 3ab7afd8b3c6e504cb4bcb409bd03445, type: 3}
      propertyPath: m_Layer
      value: 12
      objectReference: {fileID: 0}
    - target: {fileID: 100000, guid: 3ab7afd8b3c6e504cb4bcb409bd03445, type: 3}
      propertyPath: m_Layer
      value: 12
      objectReference: {fileID: 0}
    - target: {fileID: 100002, guid: 3ab7afd8b3c6e504cb4bcb409bd03445, type: 3}
      propertyPath: m_Layer
      value: 12
      objectReference: {fileID: 0}
    - target: {fileID: 100022, guid: 3ab7afd8b3c6e504cb4bcb409bd03445, type: 3}
      propertyPath: m_Layer
      value: 12
      objectReference: {fileID: 0}
    - target: {fileID: 100140, guid: 3ab7afd8b3c6e504cb4bcb409bd03445, type: 3}
      propertyPath: m_Layer
      value: 12
      objectReference: {fileID: 0}
    - target: {fileID: 9500000, guid: 3ab7afd8b3c6e504cb4bcb409bd03445, type: 3}
      propertyPath: m_Controller
      value: 
      objectReference: {fileID: 9100000, guid: dbf46dffe42d66c47bb9730428e9edc7, type: 2}
    - target: {fileID: 400036, guid: 3ab7afd8b3c6e504cb4bcb409bd03445, type: 3}
      propertyPath: m_LocalPosition.x
      value: 0
      objectReference: {fileID: 0}
    - target: {fileID: 400036, guid: 3ab7afd8b3c6e504cb4bcb409bd03445, type: 3}
      propertyPath: m_LocalPosition.y
      value: -1.006
      objectReference: {fileID: 0}
    - target: {fileID: 400036, guid: 3ab7afd8b3c6e504cb4bcb409bd03445, type: 3}
      propertyPath: m_LocalPosition.z
      value: 0
      objectReference: {fileID: 0}
    - target: {fileID: 400036, guid: 3ab7afd8b3c6e504cb4bcb409bd03445, type: 3}
      propertyPath: m_LocalRotation.x
      value: 0
      objectReference: {fileID: 0}
    - target: {fileID: 400036, guid: 3ab7afd8b3c6e504cb4bcb409bd03445, type: 3}
      propertyPath: m_LocalRotation.y
      value: 0
      objectReference: {fileID: 0}
    - target: {fileID: 400036, guid: 3ab7afd8b3c6e504cb4bcb409bd03445, type: 3}
      propertyPath: m_LocalRotation.z
      value: 0
      objectReference: {fileID: 0}
    - target: {fileID: 400036, guid: 3ab7afd8b3c6e504cb4bcb409bd03445, type: 3}
      propertyPath: m_LocalRotation.w
      value: 1
      objectReference: {fileID: 0}
    - target: {fileID: 400036, guid: 3ab7afd8b3c6e504cb4bcb409bd03445, type: 3}
      propertyPath: m_RootOrder
      value: 0
      objectReference: {fileID: 0}
    - target: {fileID: 400036, guid: 3ab7afd8b3c6e504cb4bcb409bd03445, type: 3}
      propertyPath: m_LocalEulerAnglesHint.x
      value: 0
      objectReference: {fileID: 0}
    - target: {fileID: 400036, guid: 3ab7afd8b3c6e504cb4bcb409bd03445, type: 3}
      propertyPath: m_LocalEulerAnglesHint.y
      value: 0
      objectReference: {fileID: 0}
    - target: {fileID: 400036, guid: 3ab7afd8b3c6e504cb4bcb409bd03445, type: 3}
      propertyPath: m_LocalEulerAnglesHint.z
      value: 0
      objectReference: {fileID: 0}
    - target: {fileID: 2300012, guid: 3ab7afd8b3c6e504cb4bcb409bd03445, type: 3}
      propertyPath: m_Materials.Array.data[0]
      value: 
      objectReference: {fileID: 2100000, guid: 5cb6d55dbf3a457439e24d00123ac6c8, type: 2}
    - target: {fileID: 2300010, guid: 3ab7afd8b3c6e504cb4bcb409bd03445, type: 3}
      propertyPath: m_Materials.Array.data[0]
      value: 
      objectReference: {fileID: 2100000, guid: 5cb6d55dbf3a457439e24d00123ac6c8, type: 2}
    - target: {fileID: 2300008, guid: 3ab7afd8b3c6e504cb4bcb409bd03445, type: 3}
      propertyPath: m_Materials.Array.data[0]
      value: 
      objectReference: {fileID: 2100000, guid: 5cb6d55dbf3a457439e24d00123ac6c8, type: 2}
    - target: {fileID: 2300006, guid: 3ab7afd8b3c6e504cb4bcb409bd03445, type: 3}
      propertyPath: m_Materials.Array.data[0]
      value: 
      objectReference: {fileID: 2100000, guid: 5cb6d55dbf3a457439e24d00123ac6c8, type: 2}
    - target: {fileID: 2300004, guid: 3ab7afd8b3c6e504cb4bcb409bd03445, type: 3}
      propertyPath: m_Enabled
      value: 1
      objectReference: {fileID: 0}
    - target: {fileID: 2300004, guid: 3ab7afd8b3c6e504cb4bcb409bd03445, type: 3}
      propertyPath: m_Materials.Array.data[0]
      value: 
      objectReference: {fileID: 2100000, guid: 5cb6d55dbf3a457439e24d00123ac6c8, type: 2}
    - target: {fileID: 2300002, guid: 3ab7afd8b3c6e504cb4bcb409bd03445, type: 3}
      propertyPath: m_Materials.Array.data[0]
      value: 
      objectReference: {fileID: 2100000, guid: 5cb6d55dbf3a457439e24d00123ac6c8, type: 2}
    - target: {fileID: 2300000, guid: 3ab7afd8b3c6e504cb4bcb409bd03445, type: 3}
      propertyPath: m_Materials.Array.data[0]
      value: 
      objectReference: {fileID: 2100000, guid: 5cb6d55dbf3a457439e24d00123ac6c8, type: 2}
    - target: {fileID: 100136, guid: 3ab7afd8b3c6e504cb4bcb409bd03445, type: 3}
      propertyPath: m_IsActive
      value: 1
      objectReference: {fileID: 0}
    - target: {fileID: 100136, guid: 3ab7afd8b3c6e504cb4bcb409bd03445, type: 3}
      propertyPath: m_Layer
      value: 12
      objectReference: {fileID: 0}
    - target: {fileID: 100130, guid: 3ab7afd8b3c6e504cb4bcb409bd03445, type: 3}
      propertyPath: m_Layer
      value: 12
      objectReference: {fileID: 0}
    - target: {fileID: 100128, guid: 3ab7afd8b3c6e504cb4bcb409bd03445, type: 3}
      propertyPath: m_Layer
      value: 12
      objectReference: {fileID: 0}
    - target: {fileID: 100010, guid: 3ab7afd8b3c6e504cb4bcb409bd03445, type: 3}
      propertyPath: m_Layer
      value: 12
      objectReference: {fileID: 0}
    - target: {fileID: 100008, guid: 3ab7afd8b3c6e504cb4bcb409bd03445, type: 3}
      propertyPath: m_Layer
      value: 12
      objectReference: {fileID: 0}
    - target: {fileID: 100056, guid: 3ab7afd8b3c6e504cb4bcb409bd03445, type: 3}
      propertyPath: m_IsActive
      value: 1
      objectReference: {fileID: 0}
    - target: {fileID: 100056, guid: 3ab7afd8b3c6e504cb4bcb409bd03445, type: 3}
      propertyPath: m_Layer
      value: 12
      objectReference: {fileID: 0}
    - target: {fileID: 100082, guid: 3ab7afd8b3c6e504cb4bcb409bd03445, type: 3}
      propertyPath: m_Layer
      value: 12
      objectReference: {fileID: 0}
    - target: {fileID: 100138, guid: 3ab7afd8b3c6e504cb4bcb409bd03445, type: 3}
      propertyPath: m_Layer
      value: 12
      objectReference: {fileID: 0}
    - target: {fileID: 13700004, guid: 3ab7afd8b3c6e504cb4bcb409bd03445, type: 3}
      propertyPath: m_Materials.Array.data[0]
      value: 
      objectReference: {fileID: 2100000, guid: 3c445ff76375b7a419efda10abef2605, type: 2}
    - target: {fileID: 13700002, guid: 3ab7afd8b3c6e504cb4bcb409bd03445, type: 3}
      propertyPath: m_Materials.Array.data[0]
      value: 
      objectReference: {fileID: 2100000, guid: 2ca7b1a65bd82a644b7c9e8f5a36f973, type: 2}
    - target: {fileID: 13700000, guid: 3ab7afd8b3c6e504cb4bcb409bd03445, type: 3}
      propertyPath: m_Materials.Array.data[0]
      value: 
      objectReference: {fileID: 2100000, guid: bb58129af10654940a70cac191150ecc, type: 2}
    - target: {fileID: 100102, guid: 3ab7afd8b3c6e504cb4bcb409bd03445, type: 3}
      propertyPath: m_Layer
      value: 12
      objectReference: {fileID: 0}
    - target: {fileID: 100014, guid: 3ab7afd8b3c6e504cb4bcb409bd03445, type: 3}
      propertyPath: m_Layer
      value: 12
      objectReference: {fileID: 0}
    - target: {fileID: 100018, guid: 3ab7afd8b3c6e504cb4bcb409bd03445, type: 3}
      propertyPath: m_Layer
      value: 12
      objectReference: {fileID: 0}
    - target: {fileID: 100042, guid: 3ab7afd8b3c6e504cb4bcb409bd03445, type: 3}
      propertyPath: m_Layer
      value: 12
      objectReference: {fileID: 0}
    - target: {fileID: 100040, guid: 3ab7afd8b3c6e504cb4bcb409bd03445, type: 3}
      propertyPath: m_Layer
      value: 12
      objectReference: {fileID: 0}
    - target: {fileID: 100038, guid: 3ab7afd8b3c6e504cb4bcb409bd03445, type: 3}
      propertyPath: m_Layer
      value: 12
      objectReference: {fileID: 0}
    - target: {fileID: 100054, guid: 3ab7afd8b3c6e504cb4bcb409bd03445, type: 3}
      propertyPath: m_Layer
      value: 12
      objectReference: {fileID: 0}
    - target: {fileID: 100052, guid: 3ab7afd8b3c6e504cb4bcb409bd03445, type: 3}
      propertyPath: m_Layer
      value: 12
      objectReference: {fileID: 0}
    - target: {fileID: 100078, guid: 3ab7afd8b3c6e504cb4bcb409bd03445, type: 3}
      propertyPath: m_Layer
      value: 12
      objectReference: {fileID: 0}
    - target: {fileID: 100074, guid: 3ab7afd8b3c6e504cb4bcb409bd03445, type: 3}
      propertyPath: m_Layer
      value: 12
      objectReference: {fileID: 0}
    - target: {fileID: 2300014, guid: 3ab7afd8b3c6e504cb4bcb409bd03445, type: 3}
      propertyPath: m_Materials.Array.data[0]
      value: 
      objectReference: {fileID: 2100000, guid: 5cb6d55dbf3a457439e24d00123ac6c8, type: 2}
    - target: {fileID: 100106, guid: 3ab7afd8b3c6e504cb4bcb409bd03445, type: 3}
      propertyPath: m_Layer
      value: 12
      objectReference: {fileID: 0}
    - target: {fileID: 100104, guid: 3ab7afd8b3c6e504cb4bcb409bd03445, type: 3}
      propertyPath: m_Layer
      value: 12
      objectReference: {fileID: 0}
    - target: {fileID: 100124, guid: 3ab7afd8b3c6e504cb4bcb409bd03445, type: 3}
      propertyPath: m_Layer
      value: 12
      objectReference: {fileID: 0}
    - target: {fileID: 100120, guid: 3ab7afd8b3c6e504cb4bcb409bd03445, type: 3}
      propertyPath: m_Layer
      value: 12
      objectReference: {fileID: 0}
    - target: {fileID: 100142, guid: 3ab7afd8b3c6e504cb4bcb409bd03445, type: 3}
      propertyPath: m_Layer
      value: 12
      objectReference: {fileID: 0}
    - target: {fileID: 100148, guid: 3ab7afd8b3c6e504cb4bcb409bd03445, type: 3}
      propertyPath: m_Layer
      value: 12
      objectReference: {fileID: 0}
    - target: {fileID: 100146, guid: 3ab7afd8b3c6e504cb4bcb409bd03445, type: 3}
      propertyPath: m_Layer
      value: 12
      objectReference: {fileID: 0}
    - target: {fileID: 100144, guid: 3ab7afd8b3c6e504cb4bcb409bd03445, type: 3}
      propertyPath: m_Layer
      value: 12
      objectReference: {fileID: 0}
    - target: {fileID: 100170, guid: 3ab7afd8b3c6e504cb4bcb409bd03445, type: 3}
      propertyPath: m_Layer
      value: 12
      objectReference: {fileID: 0}
    - target: {fileID: 100004, guid: 3ab7afd8b3c6e504cb4bcb409bd03445, type: 3}
      propertyPath: m_Layer
      value: 12
      objectReference: {fileID: 0}
    - target: {fileID: 100028, guid: 3ab7afd8b3c6e504cb4bcb409bd03445, type: 3}
      propertyPath: m_Layer
      value: 12
      objectReference: {fileID: 0}
    - target: {fileID: 100026, guid: 3ab7afd8b3c6e504cb4bcb409bd03445, type: 3}
      propertyPath: m_Layer
      value: 12
      objectReference: {fileID: 0}
    - target: {fileID: 100024, guid: 3ab7afd8b3c6e504cb4bcb409bd03445, type: 3}
      propertyPath: m_Layer
      value: 12
      objectReference: {fileID: 0}
    - target: {fileID: 100020, guid: 3ab7afd8b3c6e504cb4bcb409bd03445, type: 3}
      propertyPath: m_Layer
      value: 12
      objectReference: {fileID: 0}
    - target: {fileID: 100016, guid: 3ab7afd8b3c6e504cb4bcb409bd03445, type: 3}
      propertyPath: m_Layer
      value: 12
      objectReference: {fileID: 0}
    - target: {fileID: 100044, guid: 3ab7afd8b3c6e504cb4bcb409bd03445, type: 3}
      propertyPath: m_Layer
      value: 12
      objectReference: {fileID: 0}
    - target: {fileID: 100032, guid: 3ab7afd8b3c6e504cb4bcb409bd03445, type: 3}
      propertyPath: m_Layer
      value: 12
      objectReference: {fileID: 0}
    - target: {fileID: 100060, guid: 3ab7afd8b3c6e504cb4bcb409bd03445, type: 3}
      propertyPath: m_Layer
      value: 12
      objectReference: {fileID: 0}
    - target: {fileID: 100058, guid: 3ab7afd8b3c6e504cb4bcb409bd03445, type: 3}
      propertyPath: m_Layer
      value: 12
      objectReference: {fileID: 0}
    - target: {fileID: 100048, guid: 3ab7afd8b3c6e504cb4bcb409bd03445, type: 3}
      propertyPath: m_Layer
      value: 12
      objectReference: {fileID: 0}
    - target: {fileID: 100076, guid: 3ab7afd8b3c6e504cb4bcb409bd03445, type: 3}
      propertyPath: m_Layer
      value: 12
      objectReference: {fileID: 0}
    - target: {fileID: 100086, guid: 3ab7afd8b3c6e504cb4bcb409bd03445, type: 3}
      propertyPath: m_Layer
      value: 12
      objectReference: {fileID: 0}
    - target: {fileID: 100084, guid: 3ab7afd8b3c6e504cb4bcb409bd03445, type: 3}
      propertyPath: m_Layer
      value: 12
      objectReference: {fileID: 0}
    - target: {fileID: 100080, guid: 3ab7afd8b3c6e504cb4bcb409bd03445, type: 3}
      propertyPath: m_Layer
      value: 12
      objectReference: {fileID: 0}
    - target: {fileID: 100110, guid: 3ab7afd8b3c6e504cb4bcb409bd03445, type: 3}
      propertyPath: m_Layer
      value: 12
      objectReference: {fileID: 0}
    - target: {fileID: 100108, guid: 3ab7afd8b3c6e504cb4bcb409bd03445, type: 3}
      propertyPath: m_Layer
      value: 12
      objectReference: {fileID: 0}
    - target: {fileID: 100100, guid: 3ab7afd8b3c6e504cb4bcb409bd03445, type: 3}
      propertyPath: m_Layer
      value: 12
      objectReference: {fileID: 0}
    - target: {fileID: 100126, guid: 3ab7afd8b3c6e504cb4bcb409bd03445, type: 3}
      propertyPath: m_Layer
      value: 12
      objectReference: {fileID: 0}
    - target: {fileID: 100122, guid: 3ab7afd8b3c6e504cb4bcb409bd03445, type: 3}
      propertyPath: m_Layer
      value: 12
      objectReference: {fileID: 0}
    - target: {fileID: 100132, guid: 3ab7afd8b3c6e504cb4bcb409bd03445, type: 3}
      propertyPath: m_Layer
      value: 12
      objectReference: {fileID: 0}
    - target: {fileID: 100152, guid: 3ab7afd8b3c6e504cb4bcb409bd03445, type: 3}
      propertyPath: m_Layer
      value: 12
      objectReference: {fileID: 0}
    - target: {fileID: 100150, guid: 3ab7afd8b3c6e504cb4bcb409bd03445, type: 3}
      propertyPath: m_Layer
      value: 12
      objectReference: {fileID: 0}
    - target: {fileID: 100166, guid: 3ab7afd8b3c6e504cb4bcb409bd03445, type: 3}
      propertyPath: m_Layer
      value: 12
      objectReference: {fileID: 0}
    - target: {fileID: 100162, guid: 3ab7afd8b3c6e504cb4bcb409bd03445, type: 3}
      propertyPath: m_Layer
      value: 12
      objectReference: {fileID: 0}
    - target: {fileID: 100012, guid: 3ab7afd8b3c6e504cb4bcb409bd03445, type: 3}
      propertyPath: m_Layer
      value: 12
      objectReference: {fileID: 0}
    - target: {fileID: 100006, guid: 3ab7afd8b3c6e504cb4bcb409bd03445, type: 3}
      propertyPath: m_Layer
      value: 12
      objectReference: {fileID: 0}
    - target: {fileID: 100030, guid: 3ab7afd8b3c6e504cb4bcb409bd03445, type: 3}
      propertyPath: m_Layer
      value: 12
      objectReference: {fileID: 0}
    - target: {fileID: 100046, guid: 3ab7afd8b3c6e504cb4bcb409bd03445, type: 3}
      propertyPath: m_Layer
      value: 12
      objectReference: {fileID: 0}
    - target: {fileID: 100034, guid: 3ab7afd8b3c6e504cb4bcb409bd03445, type: 3}
      propertyPath: m_Layer
      value: 12
      objectReference: {fileID: 0}
    - target: {fileID: 100062, guid: 3ab7afd8b3c6e504cb4bcb409bd03445, type: 3}
      propertyPath: m_Layer
      value: 12
      objectReference: {fileID: 0}
    - target: {fileID: 100050, guid: 3ab7afd8b3c6e504cb4bcb409bd03445, type: 3}
      propertyPath: m_Layer
      value: 12
      objectReference: {fileID: 0}
    - target: {fileID: 100064, guid: 3ab7afd8b3c6e504cb4bcb409bd03445, type: 3}
      propertyPath: m_Layer
      value: 12
      objectReference: {fileID: 0}
    - target: {fileID: 100090, guid: 3ab7afd8b3c6e504cb4bcb409bd03445, type: 3}
      propertyPath: m_Layer
      value: 12
      objectReference: {fileID: 0}
    - target: {fileID: 100088, guid: 3ab7afd8b3c6e504cb4bcb409bd03445, type: 3}
      propertyPath: m_Layer
      value: 12
      objectReference: {fileID: 0}
    - target: {fileID: 100096, guid: 3ab7afd8b3c6e504cb4bcb409bd03445, type: 3}
      propertyPath: m_Layer
      value: 12
      objectReference: {fileID: 0}
    - target: {fileID: 100116, guid: 3ab7afd8b3c6e504cb4bcb409bd03445, type: 3}
      propertyPath: m_Layer
      value: 12
      objectReference: {fileID: 0}
    - target: {fileID: 100112, guid: 3ab7afd8b3c6e504cb4bcb409bd03445, type: 3}
      propertyPath: m_Layer
      value: 12
      objectReference: {fileID: 0}
    - target: {fileID: 100134, guid: 3ab7afd8b3c6e504cb4bcb409bd03445, type: 3}
      propertyPath: m_Layer
      value: 12
      objectReference: {fileID: 0}
    - target: {fileID: 100158, guid: 3ab7afd8b3c6e504cb4bcb409bd03445, type: 3}
      propertyPath: m_Layer
      value: 12
      objectReference: {fileID: 0}
    - target: {fileID: 100154, guid: 3ab7afd8b3c6e504cb4bcb409bd03445, type: 3}
      propertyPath: m_Layer
      value: 12
      objectReference: {fileID: 0}
    - target: {fileID: 100168, guid: 3ab7afd8b3c6e504cb4bcb409bd03445, type: 3}
      propertyPath: m_Layer
      value: 12
      objectReference: {fileID: 0}
    - target: {fileID: 100164, guid: 3ab7afd8b3c6e504cb4bcb409bd03445, type: 3}
      propertyPath: m_Layer
      value: 12
      objectReference: {fileID: 0}
    - target: {fileID: 100070, guid: 3ab7afd8b3c6e504cb4bcb409bd03445, type: 3}
      propertyPath: m_Layer
      value: 12
      objectReference: {fileID: 0}
    - target: {fileID: 100066, guid: 3ab7afd8b3c6e504cb4bcb409bd03445, type: 3}
      propertyPath: m_Layer
      value: 12
      objectReference: {fileID: 0}
    - target: {fileID: 100092, guid: 3ab7afd8b3c6e504cb4bcb409bd03445, type: 3}
      propertyPath: m_Layer
      value: 12
      objectReference: {fileID: 0}
    - target: {fileID: 100098, guid: 3ab7afd8b3c6e504cb4bcb409bd03445, type: 3}
      propertyPath: m_Layer
      value: 12
      objectReference: {fileID: 0}
    - target: {fileID: 100118, guid: 3ab7afd8b3c6e504cb4bcb409bd03445, type: 3}
      propertyPath: m_Layer
      value: 12
      objectReference: {fileID: 0}
    - target: {fileID: 100114, guid: 3ab7afd8b3c6e504cb4bcb409bd03445, type: 3}
      propertyPath: m_Layer
      value: 12
      objectReference: {fileID: 0}
    - target: {fileID: 100156, guid: 3ab7afd8b3c6e504cb4bcb409bd03445, type: 3}
      propertyPath: m_Layer
      value: 12
      objectReference: {fileID: 0}
    - target: {fileID: 100160, guid: 3ab7afd8b3c6e504cb4bcb409bd03445, type: 3}
      propertyPath: m_Layer
      value: 12
      objectReference: {fileID: 0}
    - target: {fileID: 100072, guid: 3ab7afd8b3c6e504cb4bcb409bd03445, type: 3}
      propertyPath: m_Layer
      value: 12
      objectReference: {fileID: 0}
    - target: {fileID: 100068, guid: 3ab7afd8b3c6e504cb4bcb409bd03445, type: 3}
      propertyPath: m_Layer
      value: 12
      objectReference: {fileID: 0}
    - target: {fileID: 100094, guid: 3ab7afd8b3c6e504cb4bcb409bd03445, type: 3}
      propertyPath: m_Layer
      value: 12
      objectReference: {fileID: 0}
    m_RemovedComponents: []
  m_SourcePrefab: {fileID: 100100000, guid: 3ab7afd8b3c6e504cb4bcb409bd03445, type: 3}
--- !u!1 &6590045396760714186 stripped
GameObject:
  m_CorrespondingSourceObject: {fileID: 100036, guid: 3ab7afd8b3c6e504cb4bcb409bd03445,
    type: 3}
  m_PrefabInstance: {fileID: 6590045396760747278}
  m_PrefabAsset: {fileID: 0}
--- !u!4 &6590045396760348586 stripped
Transform:
  m_CorrespondingSourceObject: {fileID: 400036, guid: 3ab7afd8b3c6e504cb4bcb409bd03445,
    type: 3}
  m_PrefabInstance: {fileID: 6590045396760747278}
  m_PrefabAsset: {fileID: 0}
--- !u!95 &6590045396751329390 stripped
Animator:
  m_CorrespondingSourceObject: {fileID: 9500000, guid: 3ab7afd8b3c6e504cb4bcb409bd03445,
    type: 3}
  m_PrefabInstance: {fileID: 6590045396760747278}
  m_PrefabAsset: {fileID: 0}
--- !u!4 &6590045396760348164 stripped
Transform:
  m_CorrespondingSourceObject: {fileID: 400138, guid: 3ab7afd8b3c6e504cb4bcb409bd03445,
    type: 3}
  m_PrefabInstance: {fileID: 6590045396760747278}
  m_PrefabAsset: {fileID: 0}
--- !u!23 &6590045396762641768 stripped
MeshRenderer:
  m_CorrespondingSourceObject: {fileID: 2300006, guid: 3ab7afd8b3c6e504cb4bcb409bd03445,
    type: 3}
  m_PrefabInstance: {fileID: 6590045396760747278}
  m_PrefabAsset: {fileID: 0}
--- !u!23 &6590045396762641766 stripped
MeshRenderer:
  m_CorrespondingSourceObject: {fileID: 2300008, guid: 3ab7afd8b3c6e504cb4bcb409bd03445,
    type: 3}
  m_PrefabInstance: {fileID: 6590045396760747278}
  m_PrefabAsset: {fileID: 0}
--- !u!23 &6590045396762641764 stripped
MeshRenderer:
  m_CorrespondingSourceObject: {fileID: 2300010, guid: 3ab7afd8b3c6e504cb4bcb409bd03445,
    type: 3}
  m_PrefabInstance: {fileID: 6590045396760747278}
  m_PrefabAsset: {fileID: 0}
--- !u!23 &6590045396762641770 stripped
MeshRenderer:
  m_CorrespondingSourceObject: {fileID: 2300004, guid: 3ab7afd8b3c6e504cb4bcb409bd03445,
    type: 3}
  m_PrefabInstance: {fileID: 6590045396760747278}
  m_PrefabAsset: {fileID: 0}
--- !u!23 &6590045396762641774 stripped
MeshRenderer:
  m_CorrespondingSourceObject: {fileID: 2300000, guid: 3ab7afd8b3c6e504cb4bcb409bd03445,
    type: 3}
  m_PrefabInstance: {fileID: 6590045396760747278}
  m_PrefabAsset: {fileID: 0}
--- !u!23 &6590045396762641762 stripped
MeshRenderer:
  m_CorrespondingSourceObject: {fileID: 2300012, guid: 3ab7afd8b3c6e504cb4bcb409bd03445,
    type: 3}
  m_PrefabInstance: {fileID: 6590045396760747278}
  m_PrefabAsset: {fileID: 0}
--- !u!23 &6590045396762641772 stripped
MeshRenderer:
  m_CorrespondingSourceObject: {fileID: 2300002, guid: 3ab7afd8b3c6e504cb4bcb409bd03445,
    type: 3}
  m_PrefabInstance: {fileID: 6590045396760747278}
  m_PrefabAsset: {fileID: 0}
