%YAML 1.1
%TAG !u! tag:unity3d.com,2011:
--- !u!1 &8777562168565201036
GameObject:
  m_ObjectHideFlags: 0
  m_CorrespondingSourceObject: {fileID: 0}
  m_PrefabInstance: {fileID: 0}
  m_PrefabAsset: {fileID: 0}
  serializedVersion: 6
  m_Component:
  - component: {fileID: 8777562168565201037}
  - component: {fileID: 8777562168565201038}
  m_Layer: 12
  m_Name: HUD GO
  m_TagString: HUDManager
  m_Icon: {fileID: 0}
  m_NavMeshLayer: 0
  m_StaticEditorFlags: 0
  m_IsActive: 1
--- !u!4 &8777562168565201037
Transform:
  m_ObjectHideFlags: 0
  m_CorrespondingSourceObject: {fileID: 0}
  m_PrefabInstance: {fileID: 0}
  m_PrefabAsset: {fileID: 0}
  m_GameObject: {fileID: 8777562168565201036}
  m_LocalRotation: {x: 0, y: 0, z: 0, w: 1}
  m_LocalPosition: {x: 0, y: 0, z: 0}
  m_LocalScale: {x: 1, y: 1, z: 1}
  m_Children:
  - {fileID: 8777562168378515059}
  - {fileID: 8777562168510217046}
  - {fileID: 8777562167746969798}
  - {fileID: 2146456518310855186}
  m_Father: {fileID: 0}
  m_RootOrder: 0
  m_LocalEulerAnglesHint: {x: 0, y: 0, z: 0}
--- !u!114 &8777562168565201038
MonoBehaviour:
  m_ObjectHideFlags: 0
  m_CorrespondingSourceObject: {fileID: 0}
  m_PrefabInstance: {fileID: 0}
  m_PrefabAsset: {fileID: 0}
  m_GameObject: {fileID: 8777562168565201036}
  m_Enabled: 1
  m_EditorHideFlags: 0
  m_Script: {fileID: 11500000, guid: 2a1c133885ac8a8459579a25d233a81a, type: 3}
  m_Name: 
  m_EditorClassIdentifier: 
  bowIcon: {fileID: 4245596524309334704}
  swordIcon: {fileID: 3661672877599409132}
  swordReticle: {fileID: 8777562167804397588}
  bowReticle: {fileID: 8777562167688470305}
  meleeAbilitiesGO: {fileID: 4630752440877658082}
  rangedAbilitiesGO: {fileID: 2099914293354739432}
  BloodLeft:
  - {fileID: 1048465022729745190}
  - {fileID: 7905330995017472579}
  - {fileID: 4262622724358956286}
  - {fileID: 6175283016472725516}
  - {fileID: 9119481354286579872}
  - {fileID: 7816103624617639856}
  - {fileID: 1909100387476151880}
  BloodRight:
  - {fileID: 7168788985827013221}
  - {fileID: 1664788773197075869}
  - {fileID: 8087690248281399125}
  - {fileID: 815239153138634411}
  - {fileID: 1373679952336051708}
  - {fileID: 5655895153575939604}
  - {fileID: 4888577116912371698}
  BloodMid:
  - {fileID: 6176713509843866001}
  - {fileID: 5725761854367432925}
  - {fileID: 2353854250973209831}
  - {fileID: 149656179718768198}
  - {fileID: 6756094082856029505}
  - {fileID: 3537430017823427020}
  - {fileID: 8044075677301020980}
  - {fileID: 832439583794231899}
  FadeInTimeMin: 0.1
  FadeInTimeMax: 0.7
  FadeOutTimeMin: 0.4
  FadeOutTimeMax: 1
  StayTimeMin: 0.5
  StayTimeMax: 3
  BloodAlpha: 0.8
--- !u!1001 &782811196498323700
PrefabInstance:
  m_ObjectHideFlags: 0
  serializedVersion: 2
  m_Modification:
    m_TransformParent: {fileID: 8777562168565201037}
    m_Modifications:
    - target: {fileID: 6019852456791267390, guid: b2889b6e67baa3f42b57d27212422a8f,
        type: 3}
      propertyPath: m_Name
      value: IconsGO
      objectReference: {fileID: 0}
    - target: {fileID: 4984035738177305541, guid: b2889b6e67baa3f42b57d27212422a8f,
        type: 3}
      propertyPath: m_IsActive
      value: 1
      objectReference: {fileID: 0}
    - target: {fileID: 1663134989233335014, guid: b2889b6e67baa3f42b57d27212422a8f,
        type: 3}
      propertyPath: m_LocalPosition.x
      value: 0
      objectReference: {fileID: 0}
    - target: {fileID: 1663134989233335014, guid: b2889b6e67baa3f42b57d27212422a8f,
        type: 3}
      propertyPath: m_LocalPosition.y
      value: 0
      objectReference: {fileID: 0}
    - target: {fileID: 1663134989233335014, guid: b2889b6e67baa3f42b57d27212422a8f,
        type: 3}
      propertyPath: m_LocalPosition.z
      value: 0
      objectReference: {fileID: 0}
    - target: {fileID: 1663134989233335014, guid: b2889b6e67baa3f42b57d27212422a8f,
        type: 3}
      propertyPath: m_LocalRotation.x
      value: 0
      objectReference: {fileID: 0}
    - target: {fileID: 1663134989233335014, guid: b2889b6e67baa3f42b57d27212422a8f,
        type: 3}
      propertyPath: m_LocalRotation.y
      value: 0
      objectReference: {fileID: 0}
    - target: {fileID: 1663134989233335014, guid: b2889b6e67baa3f42b57d27212422a8f,
        type: 3}
      propertyPath: m_LocalRotation.z
      value: 0
      objectReference: {fileID: 0}
    - target: {fileID: 1663134989233335014, guid: b2889b6e67baa3f42b57d27212422a8f,
        type: 3}
      propertyPath: m_LocalRotation.w
      value: 1
      objectReference: {fileID: 0}
    - target: {fileID: 1663134989233335014, guid: b2889b6e67baa3f42b57d27212422a8f,
        type: 3}
      propertyPath: m_RootOrder
      value: 3
      objectReference: {fileID: 0}
    - target: {fileID: 1663134989233335014, guid: b2889b6e67baa3f42b57d27212422a8f,
        type: 3}
      propertyPath: m_LocalEulerAnglesHint.x
      value: 0
      objectReference: {fileID: 0}
    - target: {fileID: 1663134989233335014, guid: b2889b6e67baa3f42b57d27212422a8f,
        type: 3}
      propertyPath: m_LocalEulerAnglesHint.y
      value: 0
      objectReference: {fileID: 0}
    - target: {fileID: 1663134989233335014, guid: b2889b6e67baa3f42b57d27212422a8f,
        type: 3}
      propertyPath: m_LocalEulerAnglesHint.z
      value: 0
      objectReference: {fileID: 0}
    - target: {fileID: 5821524616220135263, guid: b2889b6e67baa3f42b57d27212422a8f,
        type: 3}
      propertyPath: m_AnchoredPosition.y
      value: 120.700195
      objectReference: {fileID: 0}
    - target: {fileID: 2927029245044783768, guid: b2889b6e67baa3f42b57d27212422a8f,
        type: 3}
      propertyPath: m_AnchoredPosition.y
      value: 113.600586
      objectReference: {fileID: 0}
    - target: {fileID: 2999034696892358318, guid: b2889b6e67baa3f42b57d27212422a8f,
        type: 3}
      propertyPath: m_AnchoredPosition.y
      value: 113.600586
      objectReference: {fileID: 0}
    - target: {fileID: 2399651360706116695, guid: b2889b6e67baa3f42b57d27212422a8f,
        type: 3}
      propertyPath: m_AnchoredPosition.y
      value: 113.600586
      objectReference: {fileID: 0}
    - target: {fileID: 5751577879301939940, guid: b2889b6e67baa3f42b57d27212422a8f,
        type: 3}
      propertyPath: m_AnchoredPosition.y
      value: 113.600586
      objectReference: {fileID: 0}
    - target: {fileID: 1112509325870481037, guid: b2889b6e67baa3f42b57d27212422a8f,
        type: 3}
      propertyPath: m_SortingOrder
      value: 6
      objectReference: {fileID: 0}
    - target: {fileID: 7752018670686792058, guid: b2889b6e67baa3f42b57d27212422a8f,
        type: 3}
      propertyPath: m_AnchoredPosition.y
      value: 113.600586
      objectReference: {fileID: 0}
    - target: {fileID: 7511790163958834929, guid: b2889b6e67baa3f42b57d27212422a8f,
        type: 3}
      propertyPath: m_SortingOrder
      value: 6
      objectReference: {fileID: 0}
    - target: {fileID: 7583902236222145223, guid: b2889b6e67baa3f42b57d27212422a8f,
        type: 3}
      propertyPath: m_SortingOrder
      value: 6
      objectReference: {fileID: 0}
    - target: {fileID: 7056189534701314110, guid: b2889b6e67baa3f42b57d27212422a8f,
        type: 3}
      propertyPath: m_SortingOrder
      value: 6
      objectReference: {fileID: 0}
    - target: {fileID: 3113512526040773907, guid: b2889b6e67baa3f42b57d27212422a8f,
        type: 3}
      propertyPath: m_SortingOrder
      value: 6
      objectReference: {fileID: 0}
    - target: {fileID: 5267375463063865634, guid: b2889b6e67baa3f42b57d27212422a8f,
        type: 3}
      propertyPath: m_SortingOrder
      value: 6
      objectReference: {fileID: 0}
    - target: {fileID: 7066622448692510321, guid: b2889b6e67baa3f42b57d27212422a8f,
        type: 3}
      propertyPath: m_SortingOrder
      value: 6
      objectReference: {fileID: 0}
    m_RemovedComponents: []
  m_SourcePrefab: {fileID: 100100000, guid: b2889b6e67baa3f42b57d27212422a8f, type: 3}
--- !u!4 &2146456518310855186 stripped
Transform:
  m_CorrespondingSourceObject: {fileID: 1663134989233335014, guid: b2889b6e67baa3f42b57d27212422a8f,
    type: 3}
  m_PrefabInstance: {fileID: 782811196498323700}
  m_PrefabAsset: {fileID: 0}
--- !u!114 &3661672877599409132 stripped
MonoBehaviour:
  m_CorrespondingSourceObject: {fileID: 4039160101712816920, guid: b2889b6e67baa3f42b57d27212422a8f,
    type: 3}
  m_PrefabInstance: {fileID: 782811196498323700}
  m_PrefabAsset: {fileID: 0}
  m_GameObject: {fileID: 0}
  m_Enabled: 1
  m_EditorHideFlags: 0
  m_Script: {fileID: -765806418, guid: f70555f144d8491a825f0804e09c671c, type: 3}
  m_Name: 
  m_EditorClassIdentifier: 
--- !u!1 &4630752440877658082 stripped
GameObject:
  m_CorrespondingSourceObject: {fileID: 5376917995768645398, guid: b2889b6e67baa3f42b57d27212422a8f,
    type: 3}
  m_PrefabInstance: {fileID: 782811196498323700}
  m_PrefabAsset: {fileID: 0}
--- !u!114 &4245596524309334704 stripped
MonoBehaviour:
  m_CorrespondingSourceObject: {fileID: 3474097383026745924, guid: b2889b6e67baa3f42b57d27212422a8f,
    type: 3}
  m_PrefabInstance: {fileID: 782811196498323700}
  m_PrefabAsset: {fileID: 0}
  m_GameObject: {fileID: 0}
  m_Enabled: 1
  m_EditorHideFlags: 0
  m_Script: {fileID: -765806418, guid: f70555f144d8491a825f0804e09c671c, type: 3}
  m_Name: 
  m_EditorClassIdentifier: 
--- !u!1 &2099914293354739432 stripped
GameObject:
  m_CorrespondingSourceObject: {fileID: 1727550806474333724, guid: b2889b6e67baa3f42b57d27212422a8f,
    type: 3}
  m_PrefabInstance: {fileID: 782811196498323700}
  m_PrefabAsset: {fileID: 0}
--- !u!1001 &3133501372297793513
PrefabInstance:
  m_ObjectHideFlags: 0
  serializedVersion: 2
  m_Modification:
    m_TransformParent: {fileID: 8777562168565201037}
    m_Modifications:
    - target: {fileID: 5957211912645588156, guid: 5ed3c18d38b7ddf4c97ca24e542f9089,
        type: 3}
      propertyPath: m_Name
      value: ReticleGO
      objectReference: {fileID: 0}
    - target: {fileID: 5957211912645588159, guid: 5ed3c18d38b7ddf4c97ca24e542f9089,
        type: 3}
      propertyPath: m_LocalPosition.x
      value: 0
      objectReference: {fileID: 0}
    - target: {fileID: 5957211912645588159, guid: 5ed3c18d38b7ddf4c97ca24e542f9089,
        type: 3}
      propertyPath: m_LocalPosition.y
      value: 0
      objectReference: {fileID: 0}
    - target: {fileID: 5957211912645588159, guid: 5ed3c18d38b7ddf4c97ca24e542f9089,
        type: 3}
      propertyPath: m_LocalPosition.z
      value: 0
      objectReference: {fileID: 0}
    - target: {fileID: 5957211912645588159, guid: 5ed3c18d38b7ddf4c97ca24e542f9089,
        type: 3}
      propertyPath: m_LocalRotation.x
      value: 0
      objectReference: {fileID: 0}
    - target: {fileID: 5957211912645588159, guid: 5ed3c18d38b7ddf4c97ca24e542f9089,
        type: 3}
      propertyPath: m_LocalRotation.y
      value: 0
      objectReference: {fileID: 0}
    - target: {fileID: 5957211912645588159, guid: 5ed3c18d38b7ddf4c97ca24e542f9089,
        type: 3}
      propertyPath: m_LocalRotation.z
      value: 0
      objectReference: {fileID: 0}
    - target: {fileID: 5957211912645588159, guid: 5ed3c18d38b7ddf4c97ca24e542f9089,
        type: 3}
      propertyPath: m_LocalRotation.w
      value: 1
      objectReference: {fileID: 0}
    - target: {fileID: 5957211912645588159, guid: 5ed3c18d38b7ddf4c97ca24e542f9089,
        type: 3}
      propertyPath: m_RootOrder
      value: 1
      objectReference: {fileID: 0}
    - target: {fileID: 5957211912645588159, guid: 5ed3c18d38b7ddf4c97ca24e542f9089,
        type: 3}
      propertyPath: m_LocalEulerAnglesHint.x
      value: 0
      objectReference: {fileID: 0}
    - target: {fileID: 5957211912645588159, guid: 5ed3c18d38b7ddf4c97ca24e542f9089,
        type: 3}
      propertyPath: m_LocalEulerAnglesHint.y
      value: 0
      objectReference: {fileID: 0}
    - target: {fileID: 5957211912645588159, guid: 5ed3c18d38b7ddf4c97ca24e542f9089,
        type: 3}
      propertyPath: m_LocalEulerAnglesHint.z
      value: 0
      objectReference: {fileID: 0}
    - target: {fileID: 5957211914235696308, guid: 5ed3c18d38b7ddf4c97ca24e542f9089,
        type: 3}
      propertyPath: m_SortingOrder
      value: 6
      objectReference: {fileID: 0}
    m_RemovedComponents: []
  m_SourcePrefab: {fileID: 100100000, guid: 5ed3c18d38b7ddf4c97ca24e542f9089, type: 3}
--- !u!4 &8777562168510217046 stripped
Transform:
  m_CorrespondingSourceObject: {fileID: 5957211912645588159, guid: 5ed3c18d38b7ddf4c97ca24e542f9089,
    type: 3}
  m_PrefabInstance: {fileID: 3133501372297793513}
  m_PrefabAsset: {fileID: 0}
--- !u!1 &8777562167804397588 stripped
GameObject:
  m_CorrespondingSourceObject: {fileID: 5957211914154133501, guid: 5ed3c18d38b7ddf4c97ca24e542f9089,
    type: 3}
  m_PrefabInstance: {fileID: 3133501372297793513}
  m_PrefabAsset: {fileID: 0}
--- !u!1 &8777562167688470305 stripped
GameObject:
  m_CorrespondingSourceObject: {fileID: 5957211914004648136, guid: 5ed3c18d38b7ddf4c97ca24e542f9089,
    type: 3}
  m_PrefabInstance: {fileID: 3133501372297793513}
  m_PrefabAsset: {fileID: 0}
--- !u!1001 &4197290958658213003
PrefabInstance:
  m_ObjectHideFlags: 0
  serializedVersion: 2
  m_Modification:
    m_TransformParent: {fileID: 8777562168565201037}
    m_Modifications:
    - target: {fileID: 4895394837187250937, guid: d123fe0b19543874aa507d53ccc3e7dc,
        type: 3}
      propertyPath: m_Name
      value: Blood Canvas
      objectReference: {fileID: 0}
    - target: {fileID: 4895394837187250936, guid: d123fe0b19543874aa507d53ccc3e7dc,
        type: 3}
      propertyPath: m_LocalPosition.x
      value: 0
      objectReference: {fileID: 0}
    - target: {fileID: 4895394837187250936, guid: d123fe0b19543874aa507d53ccc3e7dc,
        type: 3}
      propertyPath: m_LocalPosition.y
      value: 0
      objectReference: {fileID: 0}
    - target: {fileID: 4895394837187250936, guid: d123fe0b19543874aa507d53ccc3e7dc,
        type: 3}
      propertyPath: m_LocalPosition.z
      value: 0
      objectReference: {fileID: 0}
    - target: {fileID: 4895394837187250936, guid: d123fe0b19543874aa507d53ccc3e7dc,
        type: 3}
      propertyPath: m_LocalRotation.x
      value: 0
      objectReference: {fileID: 0}
    - target: {fileID: 4895394837187250936, guid: d123fe0b19543874aa507d53ccc3e7dc,
        type: 3}
      propertyPath: m_LocalRotation.y
      value: 0
      objectReference: {fileID: 0}
    - target: {fileID: 4895394837187250936, guid: d123fe0b19543874aa507d53ccc3e7dc,
        type: 3}
      propertyPath: m_LocalRotation.z
      value: 0
      objectReference: {fileID: 0}
    - target: {fileID: 4895394837187250936, guid: d123fe0b19543874aa507d53ccc3e7dc,
        type: 3}
      propertyPath: m_LocalRotation.w
      value: 1
      objectReference: {fileID: 0}
    - target: {fileID: 4895394837187250936, guid: d123fe0b19543874aa507d53ccc3e7dc,
        type: 3}
      propertyPath: m_RootOrder
      value: 0
      objectReference: {fileID: 0}
    - target: {fileID: 4895394837187250936, guid: d123fe0b19543874aa507d53ccc3e7dc,
        type: 3}
      propertyPath: m_LocalEulerAnglesHint.x
      value: 0
      objectReference: {fileID: 0}
    - target: {fileID: 4895394837187250936, guid: d123fe0b19543874aa507d53ccc3e7dc,
        type: 3}
      propertyPath: m_LocalEulerAnglesHint.y
      value: 0
      objectReference: {fileID: 0}
    - target: {fileID: 4895394837187250936, guid: d123fe0b19543874aa507d53ccc3e7dc,
        type: 3}
      propertyPath: m_LocalEulerAnglesHint.z
      value: 0
      objectReference: {fileID: 0}
    - target: {fileID: 4895394837187250936, guid: d123fe0b19543874aa507d53ccc3e7dc,
        type: 3}
      propertyPath: m_AnchoredPosition.x
      value: 0
      objectReference: {fileID: 0}
    - target: {fileID: 4895394837187250936, guid: d123fe0b19543874aa507d53ccc3e7dc,
        type: 3}
      propertyPath: m_AnchoredPosition.y
      value: 0
      objectReference: {fileID: 0}
    - target: {fileID: 4895394837187250936, guid: d123fe0b19543874aa507d53ccc3e7dc,
        type: 3}
      propertyPath: m_SizeDelta.x
      value: 0
      objectReference: {fileID: 0}
    - target: {fileID: 4895394837187250936, guid: d123fe0b19543874aa507d53ccc3e7dc,
        type: 3}
      propertyPath: m_SizeDelta.y
      value: 0
      objectReference: {fileID: 0}
    - target: {fileID: 4895394837187250936, guid: d123fe0b19543874aa507d53ccc3e7dc,
        type: 3}
      propertyPath: m_AnchorMin.x
      value: 0
      objectReference: {fileID: 0}
    - target: {fileID: 4895394837187250936, guid: d123fe0b19543874aa507d53ccc3e7dc,
        type: 3}
      propertyPath: m_AnchorMin.y
      value: 0
      objectReference: {fileID: 0}
    - target: {fileID: 4895394837187250936, guid: d123fe0b19543874aa507d53ccc3e7dc,
        type: 3}
      propertyPath: m_AnchorMax.x
      value: 0
      objectReference: {fileID: 0}
    - target: {fileID: 4895394837187250936, guid: d123fe0b19543874aa507d53ccc3e7dc,
        type: 3}
      propertyPath: m_AnchorMax.y
      value: 0
      objectReference: {fileID: 0}
    - target: {fileID: 4895394837187250936, guid: d123fe0b19543874aa507d53ccc3e7dc,
        type: 3}
      propertyPath: m_Pivot.x
      value: 0
      objectReference: {fileID: 0}
    - target: {fileID: 4895394837187250936, guid: d123fe0b19543874aa507d53ccc3e7dc,
        type: 3}
      propertyPath: m_Pivot.y
      value: 0
      objectReference: {fileID: 0}
    - target: {fileID: 3126379311886404629, guid: d123fe0b19543874aa507d53ccc3e7dc,
        type: 3}
      propertyPath: m_AnchoredPosition.x
      value: -67
      objectReference: {fileID: 0}
    - target: {fileID: 3126379311886404629, guid: d123fe0b19543874aa507d53ccc3e7dc,
        type: 3}
      propertyPath: m_AnchoredPosition.y
      value: 304
      objectReference: {fileID: 0}
    m_RemovedComponents: []
  m_SourcePrefab: {fileID: 100100000, guid: d123fe0b19543874aa507d53ccc3e7dc, type: 3}
--- !u!114 &6175283016472725516 stripped
MonoBehaviour:
  m_CorrespondingSourceObject: {fileID: 8038018018612354183, guid: d123fe0b19543874aa507d53ccc3e7dc,
    type: 3}
  m_PrefabInstance: {fileID: 4197290958658213003}
  m_PrefabAsset: {fileID: 0}
  m_GameObject: {fileID: 0}
  m_Enabled: 1
  m_EditorHideFlags: 0
  m_Script: {fileID: -765806418, guid: f70555f144d8491a825f0804e09c671c, type: 3}
  m_Name: 
  m_EditorClassIdentifier: 
--- !u!114 &149656179718768198 stripped
MonoBehaviour:
  m_CorrespondingSourceObject: {fileID: 4047727139193901773, guid: d123fe0b19543874aa507d53ccc3e7dc,
    type: 3}
  m_PrefabInstance: {fileID: 4197290958658213003}
  m_PrefabAsset: {fileID: 0}
  m_GameObject: {fileID: 0}
  m_Enabled: 1
  m_EditorHideFlags: 0
  m_Script: {fileID: -765806418, guid: f70555f144d8491a825f0804e09c671c, type: 3}
  m_Name: 
  m_EditorClassIdentifier: 
--- !u!114 &815239153138634411 stripped
MonoBehaviour:
  m_CorrespondingSourceObject: {fileID: 3562217920435690016, guid: d123fe0b19543874aa507d53ccc3e7dc,
    type: 3}
  m_PrefabInstance: {fileID: 4197290958658213003}
  m_PrefabAsset: {fileID: 0}
  m_GameObject: {fileID: 0}
  m_Enabled: 1
  m_EditorHideFlags: 0
  m_Script: {fileID: -765806418, guid: f70555f144d8491a825f0804e09c671c, type: 3}
  m_Name: 
  m_EditorClassIdentifier: 
--- !u!114 &6756094082856029505 stripped
MonoBehaviour:
  m_CorrespondingSourceObject: {fileID: 7493341232971160010, guid: d123fe0b19543874aa507d53ccc3e7dc,
    type: 3}
  m_PrefabInstance: {fileID: 4197290958658213003}
  m_PrefabAsset: {fileID: 0}
  m_GameObject: {fileID: 0}
  m_Enabled: 1
  m_EditorHideFlags: 0
  m_Script: {fileID: -765806418, guid: f70555f144d8491a825f0804e09c671c, type: 3}
  m_Name: 
  m_EditorClassIdentifier: 
--- !u!114 &9119481354286579872 stripped
MonoBehaviour:
  m_CorrespondingSourceObject: {fileID: 4949774960584610859, guid: d123fe0b19543874aa507d53ccc3e7dc,
    type: 3}
  m_PrefabInstance: {fileID: 4197290958658213003}
  m_PrefabAsset: {fileID: 0}
  m_GameObject: {fileID: 0}
  m_Enabled: 1
  m_EditorHideFlags: 0
  m_Script: {fileID: -765806418, guid: f70555f144d8491a825f0804e09c671c, type: 3}
  m_Name: 
  m_EditorClassIdentifier: 
--- !u!114 &3537430017823427020 stripped
MonoBehaviour:
  m_CorrespondingSourceObject: {fileID: 804099484066995527, guid: d123fe0b19543874aa507d53ccc3e7dc,
    type: 3}
  m_PrefabInstance: {fileID: 4197290958658213003}
  m_PrefabAsset: {fileID: 0}
  m_GameObject: {fileID: 0}
  m_Enabled: 1
  m_EditorHideFlags: 0
  m_Script: {fileID: -765806418, guid: f70555f144d8491a825f0804e09c671c, type: 3}
  m_Name: 
  m_EditorClassIdentifier: 
--- !u!114 &1373679952336051708 stripped
MonoBehaviour:
  m_CorrespondingSourceObject: {fileID: 2967748188726413687, guid: d123fe0b19543874aa507d53ccc3e7dc,
    type: 3}
  m_PrefabInstance: {fileID: 4197290958658213003}
  m_PrefabAsset: {fileID: 0}
  m_GameObject: {fileID: 0}
  m_Enabled: 1
  m_EditorHideFlags: 0
  m_Script: {fileID: -765806418, guid: f70555f144d8491a825f0804e09c671c, type: 3}
  m_Name: 
  m_EditorClassIdentifier: 
--- !u!114 &8044075677301020980 stripped
MonoBehaviour:
  m_CorrespondingSourceObject: {fileID: 6169238616954047935, guid: d123fe0b19543874aa507d53ccc3e7dc,
    type: 3}
  m_PrefabInstance: {fileID: 4197290958658213003}
  m_PrefabAsset: {fileID: 0}
  m_GameObject: {fileID: 0}
  m_Enabled: 1
  m_EditorHideFlags: 0
  m_Script: {fileID: -765806418, guid: f70555f144d8491a825f0804e09c671c, type: 3}
  m_Name: 
  m_EditorClassIdentifier: 
--- !u!114 &1909100387476151880 stripped
MonoBehaviour:
  m_CorrespondingSourceObject: {fileID: 2324342651079068355, guid: d123fe0b19543874aa507d53ccc3e7dc,
    type: 3}
  m_PrefabInstance: {fileID: 4197290958658213003}
  m_PrefabAsset: {fileID: 0}
  m_GameObject: {fileID: 0}
  m_Enabled: 1
  m_EditorHideFlags: 0
  m_Script: {fileID: -765806418, guid: f70555f144d8491a825f0804e09c671c, type: 3}
  m_Name: 
  m_EditorClassIdentifier: 
--- !u!114 &832439583794231899 stripped
MonoBehaviour:
  m_CorrespondingSourceObject: {fileID: 3581116551120514768, guid: d123fe0b19543874aa507d53ccc3e7dc,
    type: 3}
  m_PrefabInstance: {fileID: 4197290958658213003}
  m_PrefabAsset: {fileID: 0}
  m_GameObject: {fileID: 0}
  m_Enabled: 1
  m_EditorHideFlags: 0
  m_Script: {fileID: -765806418, guid: f70555f144d8491a825f0804e09c671c, type: 3}
  m_Name: 
  m_EditorClassIdentifier: 
--- !u!114 &5655895153575939604 stripped
MonoBehaviour:
  m_CorrespondingSourceObject: {fileID: 8377261892727954079, guid: d123fe0b19543874aa507d53ccc3e7dc,
    type: 3}
  m_PrefabInstance: {fileID: 4197290958658213003}
  m_PrefabAsset: {fileID: 0}
  m_GameObject: {fileID: 0}
  m_Enabled: 1
  m_EditorHideFlags: 0
  m_Script: {fileID: -765806418, guid: f70555f144d8491a825f0804e09c671c, type: 3}
  m_Name: 
  m_EditorClassIdentifier: 
--- !u!114 &4888577116912371698 stripped
MonoBehaviour:
  m_CorrespondingSourceObject: {fileID: 8784397650962305913, guid: d123fe0b19543874aa507d53ccc3e7dc,
    type: 3}
  m_PrefabInstance: {fileID: 4197290958658213003}
  m_PrefabAsset: {fileID: 0}
  m_GameObject: {fileID: 0}
  m_Enabled: 1
  m_EditorHideFlags: 0
  m_Script: {fileID: -765806418, guid: f70555f144d8491a825f0804e09c671c, type: 3}
  m_Name: 
  m_EditorClassIdentifier: 
--- !u!224 &8777562168378515059 stripped
RectTransform:
  m_CorrespondingSourceObject: {fileID: 4895394837187250936, guid: d123fe0b19543874aa507d53ccc3e7dc,
    type: 3}
  m_PrefabInstance: {fileID: 4197290958658213003}
  m_PrefabAsset: {fileID: 0}
--- !u!114 &6176713509843866001 stripped
MonoBehaviour:
  m_CorrespondingSourceObject: {fileID: 8036635969787626778, guid: d123fe0b19543874aa507d53ccc3e7dc,
    type: 3}
  m_PrefabInstance: {fileID: 4197290958658213003}
  m_PrefabAsset: {fileID: 0}
  m_GameObject: {fileID: 0}
  m_Enabled: 1
  m_EditorHideFlags: 0
  m_Script: {fileID: -765806418, guid: f70555f144d8491a825f0804e09c671c, type: 3}
  m_Name: 
  m_EditorClassIdentifier: 
--- !u!114 &7168788985827013221 stripped
MonoBehaviour:
  m_CorrespondingSourceObject: {fileID: 6432092970152601326, guid: d123fe0b19543874aa507d53ccc3e7dc,
    type: 3}
  m_PrefabInstance: {fileID: 4197290958658213003}
  m_PrefabAsset: {fileID: 0}
  m_GameObject: {fileID: 0}
  m_Enabled: 1
  m_EditorHideFlags: 0
  m_Script: {fileID: -765806418, guid: f70555f144d8491a825f0804e09c671c, type: 3}
  m_Name: 
  m_EditorClassIdentifier: 
--- !u!114 &1048465022729745190 stripped
MonoBehaviour:
  m_CorrespondingSourceObject: {fileID: 3797414651758798765, guid: d123fe0b19543874aa507d53ccc3e7dc,
    type: 3}
  m_PrefabInstance: {fileID: 4197290958658213003}
  m_PrefabAsset: {fileID: 0}
  m_GameObject: {fileID: 0}
  m_Enabled: 1
  m_EditorHideFlags: 0
  m_Script: {fileID: -765806418, guid: f70555f144d8491a825f0804e09c671c, type: 3}
  m_Name: 
  m_EditorClassIdentifier: 
--- !u!114 &5725761854367432925 stripped
MonoBehaviour:
  m_CorrespondingSourceObject: {fileID: 8451633563291718742, guid: d123fe0b19543874aa507d53ccc3e7dc,
    type: 3}
  m_PrefabInstance: {fileID: 4197290958658213003}
  m_PrefabAsset: {fileID: 0}
  m_GameObject: {fileID: 0}
  m_Enabled: 1
  m_EditorHideFlags: 0
  m_Script: {fileID: -765806418, guid: f70555f144d8491a825f0804e09c671c, type: 3}
  m_Name: 
  m_EditorClassIdentifier: 
--- !u!114 &7905330995017472579 stripped
MonoBehaviour:
  m_CorrespondingSourceObject: {fileID: 6308035941108731592, guid: d123fe0b19543874aa507d53ccc3e7dc,
    type: 3}
  m_PrefabInstance: {fileID: 4197290958658213003}
  m_PrefabAsset: {fileID: 0}
  m_GameObject: {fileID: 0}
  m_Enabled: 1
  m_EditorHideFlags: 0
  m_Script: {fileID: -765806418, guid: f70555f144d8491a825f0804e09c671c, type: 3}
  m_Name: 
  m_EditorClassIdentifier: 
--- !u!114 &4262622724358956286 stripped
MonoBehaviour:
  m_CorrespondingSourceObject: {fileID: 78853860380405877, guid: d123fe0b19543874aa507d53ccc3e7dc,
    type: 3}
  m_PrefabInstance: {fileID: 4197290958658213003}
  m_PrefabAsset: {fileID: 0}
  m_GameObject: {fileID: 0}
  m_Enabled: 1
  m_EditorHideFlags: 0
  m_Script: {fileID: -765806418, guid: f70555f144d8491a825f0804e09c671c, type: 3}
  m_Name: 
  m_EditorClassIdentifier: 
--- !u!114 &2353854250973209831 stripped
MonoBehaviour:
  m_CorrespondingSourceObject: {fileID: 1915529695005585516, guid: d123fe0b19543874aa507d53ccc3e7dc,
    type: 3}
  m_PrefabInstance: {fileID: 4197290958658213003}
  m_PrefabAsset: {fileID: 0}
  m_GameObject: {fileID: 0}
  m_Enabled: 1
  m_EditorHideFlags: 0
  m_Script: {fileID: -765806418, guid: f70555f144d8491a825f0804e09c671c, type: 3}
  m_Name: 
  m_EditorClassIdentifier: 
--- !u!114 &1664788773197075869 stripped
MonoBehaviour:
  m_CorrespondingSourceObject: {fileID: 3253078264225218838, guid: d123fe0b19543874aa507d53ccc3e7dc,
    type: 3}
  m_PrefabInstance: {fileID: 4197290958658213003}
  m_PrefabAsset: {fileID: 0}
  m_GameObject: {fileID: 0}
  m_Enabled: 1
  m_EditorHideFlags: 0
  m_Script: {fileID: -765806418, guid: f70555f144d8491a825f0804e09c671c, type: 3}
  m_Name: 
  m_EditorClassIdentifier: 
--- !u!114 &8087690248281399125 stripped
MonoBehaviour:
  m_CorrespondingSourceObject: {fileID: 5333100395209952222, guid: d123fe0b19543874aa507d53ccc3e7dc,
    type: 3}
  m_PrefabInstance: {fileID: 4197290958658213003}
  m_PrefabAsset: {fileID: 0}
  m_GameObject: {fileID: 0}
  m_Enabled: 1
  m_EditorHideFlags: 0
  m_Script: {fileID: -765806418, guid: f70555f144d8491a825f0804e09c671c, type: 3}
  m_Name: 
  m_EditorClassIdentifier: 
--- !u!114 &7816103624617639856 stripped
MonoBehaviour:
  m_CorrespondingSourceObject: {fileID: 6217119463183100731, guid: d123fe0b19543874aa507d53ccc3e7dc,
    type: 3}
  m_PrefabInstance: {fileID: 4197290958658213003}
  m_PrefabAsset: {fileID: 0}
  m_GameObject: {fileID: 0}
  m_Enabled: 1
  m_EditorHideFlags: 0
  m_Script: {fileID: -765806418, guid: f70555f144d8491a825f0804e09c671c, type: 3}
  m_Name: 
  m_EditorClassIdentifier: 
--- !u!1001 &6923955677416587723
PrefabInstance:
  m_ObjectHideFlags: 0
  serializedVersion: 2
  m_Modification:
    m_TransformParent: {fileID: 8777562168565201037}
    m_Modifications:
    - target: {fileID: 1857452582021120270, guid: 4635f77bebfa31049803c4912d69f838,
        type: 3}
      propertyPath: m_Name
      value: HealthBarGO
      objectReference: {fileID: 0}
    - target: {fileID: 1857452582021120269, guid: 4635f77bebfa31049803c4912d69f838,
        type: 3}
      propertyPath: m_LocalPosition.x
      value: 0
      objectReference: {fileID: 0}
    - target: {fileID: 1857452582021120269, guid: 4635f77bebfa31049803c4912d69f838,
        type: 3}
      propertyPath: m_LocalPosition.y
      value: 0
      objectReference: {fileID: 0}
    - target: {fileID: 1857452582021120269, guid: 4635f77bebfa31049803c4912d69f838,
        type: 3}
      propertyPath: m_LocalPosition.z
      value: 0
      objectReference: {fileID: 0}
    - target: {fileID: 1857452582021120269, guid: 4635f77bebfa31049803c4912d69f838,
        type: 3}
      propertyPath: m_LocalRotation.x
      value: -0
      objectReference: {fileID: 0}
    - target: {fileID: 1857452582021120269, guid: 4635f77bebfa31049803c4912d69f838,
        type: 3}
      propertyPath: m_LocalRotation.y
      value: -0
      objectReference: {fileID: 0}
    - target: {fileID: 1857452582021120269, guid: 4635f77bebfa31049803c4912d69f838,
        type: 3}
      propertyPath: m_LocalRotation.z
      value: -0
      objectReference: {fileID: 0}
    - target: {fileID: 1857452582021120269, guid: 4635f77bebfa31049803c4912d69f838,
        type: 3}
      propertyPath: m_LocalRotation.w
      value: 1
      objectReference: {fileID: 0}
    - target: {fileID: 1857452582021120269, guid: 4635f77bebfa31049803c4912d69f838,
        type: 3}
      propertyPath: m_RootOrder
      value: 2
      objectReference: {fileID: 0}
    - target: {fileID: 1857452582021120269, guid: 4635f77bebfa31049803c4912d69f838,
        type: 3}
      propertyPath: m_LocalEulerAnglesHint.x
      value: 0
      objectReference: {fileID: 0}
    - target: {fileID: 1857452582021120269, guid: 4635f77bebfa31049803c4912d69f838,
        type: 3}
      propertyPath: m_LocalEulerAnglesHint.y
      value: 0
      objectReference: {fileID: 0}
    - target: {fileID: 1857452582021120269, guid: 4635f77bebfa31049803c4912d69f838,
        type: 3}
      propertyPath: m_LocalEulerAnglesHint.z
      value: 0
      objectReference: {fileID: 0}
    - target: {fileID: 1857452581834457228, guid: 4635f77bebfa31049803c4912d69f838,
        type: 3}
      propertyPath: m_AnchoredPosition.y
      value: 49.58008
      objectReference: {fileID: 0}
    - target: {fileID: 1857452581196312955, guid: 4635f77bebfa31049803c4912d69f838,
        type: 3}
      propertyPath: m_SortingOrder
      value: 4
      objectReference: {fileID: 0}
    - target: {fileID: 1857452582745606653, guid: 4635f77bebfa31049803c4912d69f838,
        type: 3}
      propertyPath: m_TagString
      value: HealthBar
      objectReference: {fileID: 0}
    m_RemovedComponents: []
  m_SourcePrefab: {fileID: 100100000, guid: 4635f77bebfa31049803c4912d69f838, type: 3}
--- !u!4 &8777562167746969798 stripped
Transform:
  m_CorrespondingSourceObject: {fileID: 1857452582021120269, guid: 4635f77bebfa31049803c4912d69f838,
    type: 3}
  m_PrefabInstance: {fileID: 6923955677416587723}
  m_PrefabAsset: {fileID: 0}
