%YAML 1.1
%TAG !u! tag:unity3d.com,2011:
--- !u!1 &2748950721591321269
GameObject:
  m_ObjectHideFlags: 0
  m_CorrespondingSourceObject: {fileID: 0}
  m_PrefabInstance: {fileID: 0}
  m_PrefabAsset: {fileID: 0}
  serializedVersion: 6
  m_Component:
  - component: {fileID: 2748950721591688853}
  - component: {fileID: 2748950721594588853}
  - component: {fileID: 2748950721593588853}
  - component: {fileID: 1244597278575942761}
  m_Layer: 0
  m_Name: Stair
  m_TagString: Climbable
  m_Icon: {fileID: 0}
  m_NavMeshLayer: 0
  m_StaticEditorFlags: 15
  m_IsActive: 1
--- !u!4 &2748950721591688853
Transform:
  m_ObjectHideFlags: 0
  m_CorrespondingSourceObject: {fileID: 0}
  m_PrefabInstance: {fileID: 0}
  m_PrefabAsset: {fileID: 0}
  m_GameObject: {fileID: 2748950721591321269}
  m_LocalRotation: {x: 0, y: 0, z: 0, w: 1}
  m_LocalPosition: {x: 25.081976, y: 3, z: 156.7}
  m_LocalScale: {x: 2.0471835, y: 2.0471826, z: 2.0471833}
  m_Children:
  - {fileID: 7757526923816630040}
  - {fileID: 2510977176121330925}
  m_Father: {fileID: 0}
  m_RootOrder: 0
  m_LocalEulerAnglesHint: {x: 0, y: 0, z: 0}
--- !u!33 &2748950721594588853
MeshFilter:
  m_ObjectHideFlags: 0
  m_CorrespondingSourceObject: {fileID: 0}
  m_PrefabInstance: {fileID: 0}
  m_PrefabAsset: {fileID: 0}
  m_GameObject: {fileID: 2748950721591321269}
  m_Mesh: {fileID: 4300002, guid: 12c64f9cb503a2e4b871200e11c9c2d9, type: 3}
--- !u!23 &2748950721593588853
MeshRenderer:
  m_ObjectHideFlags: 0
  m_CorrespondingSourceObject: {fileID: 0}
  m_PrefabInstance: {fileID: 0}
  m_PrefabAsset: {fileID: 0}
  m_GameObject: {fileID: 2748950721591321269}
  m_Enabled: 1
  m_CastShadows: 1
  m_ReceiveShadows: 1
  m_DynamicOccludee: 1
  m_MotionVectors: 1
  m_LightProbeUsage: 1
  m_ReflectionProbeUsage: 1
  m_RenderingLayerMask: 1
  m_RendererPriority: 0
  m_Materials:
  - {fileID: 2100000, guid: 1cb1e0df378f5d046abaea7fb16b2fd1, type: 2}
  m_StaticBatchInfo:
    firstSubMesh: 0
    subMeshCount: 0
  m_StaticBatchRoot: {fileID: 0}
  m_ProbeAnchor: {fileID: 0}
  m_LightProbeVolumeOverride: {fileID: 0}
  m_ScaleInLightmap: 1
  m_PreserveUVs: 0
  m_IgnoreNormalsForChartDetection: 0
  m_ImportantGI: 0
  m_StitchLightmapSeams: 0
  m_SelectedEditorRenderState: 3
  m_MinimumChartSize: 4
  m_AutoUVMaxDistance: 0.5
  m_AutoUVMaxAngle: 89
  m_LightmapParameters: {fileID: 0}
  m_SortingLayerID: 0
  m_SortingLayer: 0
  m_SortingOrder: 0
--- !u!64 &1244597278575942761
MeshCollider:
  m_ObjectHideFlags: 0
  m_CorrespondingSourceObject: {fileID: 0}
  m_PrefabInstance: {fileID: 0}
  m_PrefabAsset: {fileID: 0}
  m_GameObject: {fileID: 2748950721591321269}
  m_Material: {fileID: 0}
  m_IsTrigger: 0
  m_Enabled: 1
  serializedVersion: 3
  m_Convex: 0
  m_CookingOptions: 14
  m_Mesh: {fileID: 4300002, guid: 12c64f9cb503a2e4b871200e11c9c2d9, type: 3}
--- !u!1 &2844628503547874801
GameObject:
  m_ObjectHideFlags: 0
  m_CorrespondingSourceObject: {fileID: 0}
  m_PrefabInstance: {fileID: 0}
  m_PrefabAsset: {fileID: 0}
  serializedVersion: 6
  m_Component:
  - component: {fileID: 7757526923816630040}
  - component: {fileID: 2532832134635876216}
  m_Layer: 0
  m_Name: InvisStep
  m_TagString: Ground
  m_Icon: {fileID: 0}
  m_NavMeshLayer: 0
  m_StaticEditorFlags: 4
  m_IsActive: 1
--- !u!4 &7757526923816630040
Transform:
  m_ObjectHideFlags: 0
  m_CorrespondingSourceObject: {fileID: 0}
  m_PrefabInstance: {fileID: 0}
  m_PrefabAsset: {fileID: 0}
  m_GameObject: {fileID: 2844628503547874801}
  m_LocalRotation: {x: 0, y: 0, z: 0, w: 1}
  m_LocalPosition: {x: -0, y: 1.93, z: 6.062}
  m_LocalScale: {x: 2.8563535, y: 0.18841267, z: 0.21778488}
  m_Children: []
  m_Father: {fileID: 2748950721591688853}
  m_RootOrder: 0
  m_LocalEulerAnglesHint: {x: 0, y: 0, z: 0}
--- !u!65 &2532832134635876216
BoxCollider:
  m_ObjectHideFlags: 0
  m_CorrespondingSourceObject: {fileID: 0}
  m_PrefabInstance: {fileID: 0}
  m_PrefabAsset: {fileID: 0}
  m_GameObject: {fileID: 2844628503547874801}
  m_Material: {fileID: 0}
  m_IsTrigger: 0
  m_Enabled: 1
  serializedVersion: 2
  m_Size: {x: 1, y: 1, z: 1}
  m_Center: {x: 0, y: 0, z: 0}
--- !u!1001 &1361695309990546063
PrefabInstance:
  m_ObjectHideFlags: 0
  serializedVersion: 2
  m_Modification:
    m_TransformParent: {fileID: 2748950721591688853}
    m_Modifications:
    - target: {fileID: 3476073968100574847, guid: cb6d83a126f85cc4c8463d486456c7f0,
        type: 3}
      propertyPath: m_Name
      value: NavBlocker
      objectReference: {fileID: 0}
    - target: {fileID: 3476073968100574847, guid: cb6d83a126f85cc4c8463d486456c7f0,
        type: 3}
      propertyPath: m_StaticEditorFlags
      value: 12
      objectReference: {fileID: 0}
    - target: {fileID: 3476073968100574818, guid: cb6d83a126f85cc4c8463d486456c7f0,
        type: 3}
      propertyPath: m_LocalPosition.x
      value: 0.23101819
      objectReference: {fileID: 0}
    - target: {fileID: 3476073968100574818, guid: cb6d83a126f85cc4c8463d486456c7f0,
        type: 3}
      propertyPath: m_LocalPosition.y
      value: -0.87
      objectReference: {fileID: 0}
    - target: {fileID: 3476073968100574818, guid: cb6d83a126f85cc4c8463d486456c7f0,
        type: 3}
      propertyPath: m_LocalPosition.z
      value: -3
      objectReference: {fileID: 0}
    - target: {fileID: 3476073968100574818, guid: cb6d83a126f85cc4c8463d486456c7f0,
        type: 3}
      propertyPath: m_LocalRotation.x
      value: -0.1637373
      objectReference: {fileID: 0}
    - target: {fileID: 3476073968100574818, guid: cb6d83a126f85cc4c8463d486456c7f0,
        type: 3}
      propertyPath: m_LocalRotation.y
      value: -0
      objectReference: {fileID: 0}
    - target: {fileID: 3476073968100574818, guid: cb6d83a126f85cc4c8463d486456c7f0,
        type: 3}
      propertyPath: m_LocalRotation.z
      value: -0
      objectReference: {fileID: 0}
    - target: {fileID: 3476073968100574818, guid: cb6d83a126f85cc4c8463d486456c7f0,
        type: 3}
      propertyPath: m_LocalRotation.w
      value: 0.98650396
      objectReference: {fileID: 0}
    - target: {fileID: 3476073968100574818, guid: cb6d83a126f85cc4c8463d486456c7f0,
        type: 3}
      propertyPath: m_RootOrder
      value: 1
      objectReference: {fileID: 0}
    - target: {fileID: 3476073968100574818, guid: cb6d83a126f85cc4c8463d486456c7f0,
        type: 3}
      propertyPath: m_LocalEulerAnglesHint.x
      value: -18.848001
      objectReference: {fileID: 0}
    - target: {fileID: 3476073968100574818, guid: cb6d83a126f85cc4c8463d486456c7f0,
        type: 3}
      propertyPath: m_LocalEulerAnglesHint.y
      value: 0
      objectReference: {fileID: 0}
    - target: {fileID: 3476073968100574818, guid: cb6d83a126f85cc4c8463d486456c7f0,
        type: 3}
      propertyPath: m_LocalEulerAnglesHint.z
      value: 0
      objectReference: {fileID: 0}
    - target: {fileID: 3476073968100574818, guid: cb6d83a126f85cc4c8463d486456c7f0,
        type: 3}
      propertyPath: m_LocalScale.x
      value: 3.2398174
      objectReference: {fileID: 0}
    - target: {fileID: 3476073968100574818, guid: cb6d83a126f85cc4c8463d486456c7f0,
        type: 3}
      propertyPath: m_LocalScale.y
      value: 0.48847622
      objectReference: {fileID: 0}
    - target: {fileID: 3476073968100574818, guid: cb6d83a126f85cc4c8463d486456c7f0,
        type: 3}
      propertyPath: m_LocalScale.z
      value: 6.2432117
      objectReference: {fileID: 0}
    m_RemovedComponents: []
  m_SourcePrefab: {fileID: 100100000, guid: cb6d83a126f85cc4c8463d486456c7f0, type: 3}
--- !u!4 &2510977176121330925 stripped
Transform:
  m_CorrespondingSourceObject: {fileID: 3476073968100574818, guid: cb6d83a126f85cc4c8463d486456c7f0,
    type: 3}
  m_PrefabInstance: {fileID: 1361695309990546063}
  m_PrefabAsset: {fileID: 0}
